% Encoding: UTF-8

@article{caputo2018numerical,
  title={Numerical-Experimental Assessment of a Hybrid {FE-MB} Model of an Aircraft Seat Sled Test},
  author={Caputo, F and De Luca, A and Marulo, F and Guida, M and Vitolo, B},
  journal={International Journal of Aerospace Engineering},
  volume={2018},
  year={2018},
  publisher={Hindawi},
  doi = {10.1155/2018/8943826}
}

@article{chen2018evaluation,
  title={Evaluation on crashworthiness and energy absorption of composite light airplane},
  author={Chen, Pu-Woei and Lin, Ya-Yun},
  journal={Advances in Mechanical Engineering},
  volume={10},
  number={8},
  pages={1687814018794080},
  year={2018},
  publisher={SAGE Publications Sage UK: London, England},
  doi = {10.1177/1687814018794080 }
}

@article{costas2017static,
  title={Static crushing of aluminium tubes filled with {PET} foam and a {GFRP} skeleton. Numerical modelling and multiobjective optimization},
  author={Costas, Miguel and Morin, David and Langseth, Magnus and D{\'\i}az, J and Romera, L},
  journal={International Journal of Mechanical Sciences},
  volume={131},
  pages={205--217},
  year={2017},
  publisher={Elsevier},
  doi = {10.1016/j.ijmecsci.2017.07.004}
}

@article{di2018mixed,
  title={Mixed {FE-MB} methodology for the evaluation of passive safety performances of aeronautical seats},
  author={di Napoli, F and De Luca, A and Caputo, F and Marulo, F and Guida, M and Vitolo, B},
  journal={International Journal of Crashworthiness},
  pages={1--12},
  year={2018},
  publisher={Taylor \& Francis},
  doi = {10.1080/13588265.2018.1441616 }
}

@article{fasanella2002bestt,
title={Best practices for crash modeling and simulation},
author={Fasanella, Edwin L and Jackson, Karen E},
year={2002},
}

@article{guida2018advances,
  title={Advances in crash dynamics for aircraft safety},
  author={Guida, M and Marulo, F and Abrate, S},
  journal={Progress in Aerospace Sciences},
  year={2018},
  publisher={Elsevier},
  doi = {10.1016/j.paerosci.2018.03.008 }
}

@article{perfetto2018drop,
  title={Drop test simulation and validation of a full composite fuselage section of a regional aircraft},
  author={Perfetto, D and De Luca, A and Lamanna, G and Chiariello, A and Di Caprio, F and Di Palma, L and Caputo, F},
  journal={Procedia Structural Integrity},
  volume={12},
  pages={380--391},
  year={2018},
  publisher={Elsevier},
  doi = {10.1016/j.prostr.2018.11.079 }
}

@article{ren2010comparative,
title={A comparative study of the crashworthiness of civil aircraft with different strut configurations},
author={Ren, Yiru and Xiang, Jinwu},
journal={International Journal of Crashworthiness},
volume={15},
number={3},
pages={321--330},
year={2010},
publisher={Taylor \& Francis},
doi = {10.1080/13588260903343823 }
}

@article{ren2018novel,
  title={A novel aircraft energy absorption strut system with corrugated composite plate to improve crashworthiness},
  author={Ren, Yiru and Zhang, Hanyu and Xiang, Jinwu},
  journal={International Journal of Crashworthiness},
  volume={23},
  number={1},
  pages={1--10},
  year={2018},
  publisher={Taylor \& Francis},
  doi = {10.1080/13588265.2017.1301082 }
}

@article{santosa1998crashh,
title={Crash behavior of box columns filled with aluminum honeycomb or foam},
author={Santosa, S and Wierzbicki, Tomasz},
journal={Computers \& Structures},
volume={68},
number={4},
pages={343--367},
year={1998},
publisher={Elsevier},
doi = {10.1016/s0045-7949(98)00067-4 }
}

@article{xue2014crashworthiness,
  title={Crashworthiness study of a civil aircraft fuselage section},
  author={Xue, P and Ding, L and Qiao, F and Yu, X},
  journal={Latin American Journal of Solids and Structures},
  volume={11},
  number={9},
  pages={1615--1627},
  year={2014},
  publisher={SciELO Brasil},
  doi = {10.1590/s1679-78252014000900007 }
}

@inproceedings{chandra2011crashworthiness,
  title={Crashworthiness assessment in aircraft ditching incidents},
  author={Chandra, C and Wong, TY and Bayandor, J},
  booktitle={27th International Congress of the Aeronautical Sciences, Nice, France},
  year={2011}
}

@article{tay2015crash,
  title={Crash simulations of aircraft fuselage section in water impact and comparison with solid surface impact},
  author={Tay, Yi Yang and Bhonge, Prasannakumar S and Lankarani, Hamid M},
  journal={International journal of crashworthiness},
  volume={20},
  number={5},
  pages={464--482},
  year={2015},
  publisher={Taylor \& Francis},
  doi = {10.1080/13588265.2015.1033972 }
}

@article{hughes2008helicopter,
  title={Helicopter Crashworthiness: A Chronological Review of Research Related to Water Impact From 1982 to 2006},
  author={Hughes, Kevin and Campbell, James},
  journal={Journal of the American Helicopter Society},
  volume={53},
  number={4},
  pages={429--441},
  year={2008},
  publisher={AHS International},
  doi = {10.4050/jahs.53.429}
}

@article{gingold1977smoothed,
  title={Smoothed particle hydrodynamics: theory and application to non-spherical stars},
  author={Gingold, Robert A and Monaghan, Joseph J},
  journal={Monthly notices of the royal astronomical society},
  volume={181},
  number={3},
  pages={375--389},
  year={1977},
  publisher={Oxford University Press Oxford, UK},
  doi = {10.1093/mnras/181.3.375 }
}


@article{mie1903kinetischen,
  title={{Zur kinetischen Theorie der einatomigen K}{\"o}rper},
  author={Mie, Gustav},
  journal={Annalen der Physik},
  volume={316},
  number={8},
  pages={657--697},
  year={1903},
  publisher={Wiley Online Library},
  doi = {10.1002/andp.19033160802 }
}

@article{gruneisen1912theorie,
  title={{Theorie des festen Zustandes einatomiger Elemente}},
  author={Gr{\"u}neisen, Eduard},
  journal={Annalen der Physik},
  volume={344},
  number={12},
  pages={257--306},
  year={1912},
  publisher={Wiley Online Library},
  doi = {10.1002/andp.19123441202 }
}

@article{costas2015crashworthinessphd,
  title={Crashworthiness analysis and design optimization of hybrid impact energy absorbers},
  author={Costas Pi{\~n}{\'o}, Miguel},
  year={2015}
}

@article{hernandez2010structural,
title={Structural optimization: 1960-2010 and beyond},
author={Hernandez, S},
journal={Computational Technology Reviews},
volume={2},
pages={177--222},
year={2010}
}


@article{hernandez2,
title={Métodos de diseño óptimo de estructuras},
author={Hernandez, S},
journal={{Colegio de ICCP, Coleccion Seinor}},
volume={8},
year={1990}
}

@article{shanahan2004basic,
  title={Basic principles of crashworthiness},
  author={Shanahan, Dennis F},
  journal={Pathological Aspects and Associate Biodynamics in Aircraft Accident Investigation},
  year={2004}
}

@misc{nomex_img,
author = {{Rock West Composites}},
title = {Nomex \textsuperscript{\tiny\textregistered} panel},
howpublished = {\url{https://goo.gl/LQZbyd}},
}


@article{abromowitz2000vertical,
title={Vertical drop test of a narrow-body transport fuselage section with a conformable auxiliary fuel tank onboard},
author={Abromowitz, Allan and Smith, Timothy G and Vu, Tong},
journal={2000.},
year={2000}
}


@article{waimer2017simulation,
title={Simulation of CFRP components subjected to dynamic crash loads},
author={Waimer, Matthias and Siemann, MH and Feser, Thomas},
journal={International Journal of Impact Engineering},
volume={101},
pages={115--131},
year={2017},
publisher={Elsevier}
}


@article{waimer2018crash,
title={Crash concepts for CFRP transport aircraft--comparison of the traditional bend frame concept versus the developments in a tension absorbers concept},
author={Waimer, Matthias and Feser, Thomas and Schatrow, Paul and Schueler, Dominik},
journal={International journal of crashworthiness},
volume={23},
number={2},
pages={193--218},
year={2018},
publisher={Taylor \& Francis}
}


@article{kermanidis1970numerical,
title={Numerical simulation of composite structures under impact},
author={Kermanidis, Th and Labeas, G and Apostolopoulos, C and Michielseif, Louis},
journal={WIT Transactions on The Built Environment},
volume={35},
year={1970},
publisher={WIT Press}
}


@article{duan2014investigation,
title={Investigation on structure optimization of crashworthiness of fiber reinforced polymers materials},
author={Duan, Shuyong and Tao, Yourui and Han, Xu and Yang, Xujing and Hou, Shujuan and Hu, Zhangping},
journal={Composites Part B: Engineering},
volume={60},
pages={471--478},
year={2014},
publisher={Elsevier}
}


@article{sokolinsky2011numerical,
title={Numerical simulation of the crushing process of a corrugated composite plate},
author={Sokolinsky, Vladimir S and Indermuehle, Kyle C and Hurtado, Juan A},
journal={Composites Part A: Applied Science and Manufacturing},
volume={42},
number={9},
pages={1119--1126},
year={2011},
publisher={Elsevier}
}


@article{mahe2001composite,
title={Composite fuselage crash FE modelling dedicated to enhance the design in correlation with full scale drop test},
author={Mah{\'e}, M and Ribet, H and Le Page, F},
journal={M{\'e}canique \& industries},
volume={2},
number={1},
pages={5--17},
year={2001},
publisher={Elsevier}
}


@article{king2001fundamentals,
title={Fundamentals of impact biomechanics: Part 2—Biomechanics of the abdomen, pelvis, and lower extremities},
author={King, Albert I},
journal={Annual review of biomedical engineering},
volume={3},
number={1},
pages={27--55},
year={2001},
publisher={Annual Reviews 4139 El Camino Way, PO Box 10139, Palo Alto, CA 94303-0139, USA}
}


@article{king2000fundamentals,
title={Fundamentals of impact biomechanics: part I-biomechanics of the head, neck, and thorax},
author={King, Albert I},
journal={Annual review of biomedical engineering},
volume={2},
number={1},
pages={55--81},
year={2000},
publisher={Annual Reviews 4139 El Camino Way, PO Box 10139, Palo Alto, CA 94303-0139, USA}
}


@MANUAL{Madymo,
ORGANIZATION = {{TASS} International},
TITLE        = {{MADYMO} Dummy models brochure},
YEAR         = {2018},
}


@article{hooper1996aviation,
title={Aviation safety and crashworthy seat design},
author={Hooper, SJ and Ellis, DR},
journal={International journal of crashworthiness},
volume={2},
number={1},
pages={39--54},
year={1996},
publisher={Taylor \& Francis}
}


@techreport{nicholson1999design,
title={The design and testing of buckling monocoque seating structures for aircraft},
author={Nicholson, Colin R and Turnour, Stephen R and Chapman, Helen E},
year={1999},
institution={SAE Technical Paper}
}


@article{cheng2001optimal,
title={Optimal control of helicopter seat cushions for the reduction of spinal injuries},
author={Cheng, ZQ and Pilkey, Walter D and Balandin, Dmitry V and Bolotnik, Nikolai N and Crandall, Jeffrey R and Shaw, C Gregory},
journal={International journal of crashworthiness},
volume={6},
number={3},
pages={321--338},
year={2001},
publisher={Taylor \& Francis}
}


@article{altenhof2002experimental,
title={An experimental and finite element investigation into the energy absorption characteristics of a steering wheel armature in an impact},
author={Altenhof, William and Paonessa, Saverio and Zamani, Nader and Gaspar, Robert},
journal={International journal of impact engineering},
volume={27},
number={2},
pages={197--212},
year={2002},
publisher={Elsevier}
}


@article{matheron1963principles,
title={Principles of geostatistics},
author={Matheron, Georges},
journal={Economic geology},
volume={58},
number={8},
pages={1246--1266},
year={1963},
publisher={SecG}
}


@article{tran2014theoretical,
title={Theoretical prediction and crashworthiness optimization of multi-cell triangular tubes},
author={Tran, TrongNhan and Hou, Shujuan and Han, Xu and Tan, Wei and Nguyen, NhatTan},
journal={Thin-Walled Structures},
volume={82},
pages={183--195},
year={2014},
publisher={Elsevier}
}


@article{hou2014crashworthiness,
title={Crashworthiness optimization of new thin-walled cellular configurations},
author={Hou, Shujuan and Zhang, Zhidan and Yang, Xujing and Yin, Hanfeng and Li, Qing},
journal={Engineering Computations},
volume={31},
number={5},
pages={879--897},
year={2014},
publisher={Emerald Group Publishing Limited}
}


@article{esfahlani2013hexagonal,
title={Hexagonal honeycomb cell optimisation by way of meta-model techniques},
author={Esfahlani, SS and Shirvani, H and Shirvani, A and Nwaubani, S and Mebrahtu, H and Chirwa, C},
journal={International Journal of Crashworthiness},
volume={18},
number={3},
pages={264--275},
year={2013},
publisher={Taylor \& Francis}
}


@article{fang2016design,
title={Design of transversely-graded foam and wall thickness structures for crashworthiness criteria},
author={Fang, Jianguang and Gao, Yunkai and An, Xiuzhe and Sun, Guangyong and Chen, Junning and Li, Qing},
journal={Composites Part B: Engineering},
volume={92},
pages={338--349},
year={2016},
publisher={Elsevier}
}


@article{mohammadiha2014optimization,
title={Optimization of functionally graded foam-filled conical tubes under axial impact loading},
author={Mohammadiha, O and Beheshti, H},
journal={Journal of Mechanical Science and Technology},
volume={28},
number={5},
pages={1741--1752},
year={2014},
publisher={Springer}
}


@article{bisagni2002optimization,
title={Optimization of helicopter subfloor components under crashworthiness requirements using neural networks},
author={Bisagni, Chiara and Lanzi, Luca and Ricci, Sergio},
journal={Journal of Aircraft},
volume={39},
number={2},
pages={296--304},
year={2002}
}


@article{astori2013crash,
title={Crash response optimisation of helicopter seat and subfloor},
author={Astori, Paolo and Impari, Francesco},
journal={International Journal of Crashworthiness},
volume={18},
number={6},
pages={570--578},
year={2013},
publisher={Taylor \& Francis}
}


@article{fang2017design,
title={On design optimization for structural crashworthiness and its state of the art},
author={Fang, Jianguang and Sun, Guangyong and Qiu, Na and Kim, Nam H and Li, Qing},
journal={Structural and Multidisciplinary Optimization},
volume={55},
number={3},
pages={1091--1119},
year={2017},
publisher={Springer}
}


@article{toksoy2011optimisation,
title={The optimisation of the energy absorption of partially Al foam-filled commercial 1050H14 and 6061T4 Al crash boxes},
author={Toksoy, Ahmet Kaan and G{\"u}den, Mustafa},
journal={International journal of crashworthiness},
volume={16},
number={1},
pages={97--109},
year={2011},
publisher={Taylor \& Francis}
}


@article{zhang2014multiobjective,
title={Multiobjective crashworthiness optimization of hollow and conical tubes for multiple load cases},
author={Zhang, Yong and Sun, Guangyong and Xu, Xipeng and Li, Guangyao and Li, Qing},
journal={Thin-Walled Structures},
volume={82},
pages={331--342},
year={2014},
publisher={Elsevier}
}


@article{liu2010thin,
title={Thin-walled curved hexagonal beams in crashes--FEA and design},
author={Liu, Yucheng},
journal={International Journal of Crashworthiness},
volume={15},
number={2},
pages={151--159},
year={2010},
publisher={Taylor \& Francis}
}


@article{ghamarian2012crashworthiness,
title={Crashworthiness investigation of conical and cylindrical end-capped tubes under quasi-static crash loading},
author={Ghamarian, Ali and Zarei, Hamidreza},
journal={International journal of crashworthiness},
volume={17},
number={1},
pages={19--28},
year={2012},
publisher={Taylor \& Francis}
}


@book{forrester2008engineering,
title={Engineering design via surrogate modelling: a practical guide},
author={Forrester, Alexander and Keane, Andy and others},
year={2008},
publisher={John Wiley \& Sons}
}


@article{wang2007review,
title={Review of metamodeling techniques in support of engineering design optimization},
author={Wang, G Gary and Shan, Songqing},
journal={Journal of Mechanical design},
volume={129},
number={4},
pages={370--380},
year={2007},
publisher={American Society of Mechanical Engineers}
}


@article{zabaras2003continuum,
title={A continuum sensitivity method for the design of multi-stage metal forming processes},
author={Zabaras, Nicholas and Ganapathysubramanian, Shankar and Li, Qing},
journal={International Journal of Mechanical Sciences},
volume={45},
number={2},
pages={325--358},
year={2003},
publisher={Elsevier}
}


@article{o2009preventing,
title={Preventing passenger vehicle occupant injuries by vehicle design—a historical perspective from IIHS},
author={O'Neill, Brian},
journal={Traffic injury prevention},
volume={10},
number={2},
pages={113--126},
year={2009},
publisher={Taylor \& Francis}
}


@inproceedings{yang1994feasibility,
title={Feasibility study of crash optimization},
author={Yang, RJ and Tseng, L and Nagy, L and Cheng, J},
booktitle={ASME},
volume={69},
number={2},
pages={549--556},
year={1994}
}


@article{Barbeiro-2005,
title = {Supraconvergence of a finite difference scheme for solutions in Hs(0, L)},
author  = {Barbeiro, S.},
publisher = {Oxford University Press},
journal = {IMA Journal of Numerical Analysis},
issnp = {0272-4979},
issne = {1464-3642},
year  = {2005},
month = {02},
day = {19},
volume  = {25},
issue = {4},
page  = {797--811},
}


@article{daniel1997analysis,
title={Analysis and implementation of a new constant acceleration subcycling algorithm},
author={Daniel, WJT},
journal={International Journal for Numerical Methods in Engineering},
volume={40},
number={15},
pages={2841--2855},
year={1997},
publisher={Wiley Online Library}
}


@article{smolinski1996stability,
title={Stability of an explicit multi-time step integration algorithm for linear structural dynamics equations},
author={Smolinski, P and Sleith, S and Belytschko, T},
journal={Computational Mechanics},
volume={18},
number={3},
pages={236--244},
year={1996},
publisher={Springer}
}


@article{daniel1998study,
title={A study of the stability of subcycling algorithms in structural dynamics},
author={Daniel, William John Trevor},
journal={Computer methods in applied mechanics and engineering},
volume={156},
number={1-4},
pages={1--13},
year={1998},
publisher={Elsevier}
}


@article{belytschko1985stability,
title={Stability of multi-time step partitioned integrators for first-order finite element systems},
author={Belytschko, Ted and Smolinski, Patrick and Liu, Wing Kam},
journal={Computer Methods in Applied Mechanics and Engineering},
volume={49},
number={3},
pages={281--297},
year={1985},
publisher={Elsevier}
}


@article{belytschko1983overview,
title={An overview of semidiscretization and time integration procedures},
author={Belytschko, T},
journal={Computational Methods for Transient Analysis},
volume={1},
year={1983}
}


@book{silberschmidt2016dynamic,
title={Dynamic deformation, damage and fracture in composite materials and structures},
author={Silberschmidt, Vadim V},
year={2016},
publisher={Woodhead Publishing}
}


@article{courant1928partiellen,
title={{\"U}ber die partiellen Differenzengleichungen der mathematischen Physik},
author={Courant, Richard and Friedrichs, Kurt and Lewy, Hans},
journal={Mathematische annalen},
volume={100},
number={1},
pages={32--74},
year={1928},
publisher={Springer}
}


@misc{a300section,
title = {Airbus A300 Fuselage Section},
howpublished = {\url{https://goo.gl/aqcMBf}},
note = {Accessed: 2017-10-19}
}


@article{reid1993plastic,
title={Plastic deformation mechanisms in axially compressed metal tubes used as impact energy absorbers},
author={Reid, SR},
journal={International Journal of Mechanical Sciences},
volume={35},
number={12},
pages={1035--1052},
year={1993},
publisher={Elsevier}
}


@book{belytschko2013nonlinear,
title={Nonlinear finite elements for continua and structures},
author={Belytschko, Ted and Liu, Wing Kam and Moran, Brian and Elkhodary, Khalil},
year={2013},
publisher={John wiley \& sons}
}


@misc{bonanza_img,
author = {Larkins, Bill},
title = {Beech 35 N3188V Jan1949},
howpublished = {\url{https://flic.kr/p/hX3Zvf}},
}


@misc{ag-1_img,
author = {Unknown},
title = {AG-1 Airplane},
howpublished = {{Digital: Cushing Memorial Library and Archives, Texas A \& M University, College Station, Texas; Physical: Graphic Services, Texas A \& M University. Available electronically from \url{https://goo.gl/FdYimq}}},
}


@article{jackson2004occupant,
title={Occupant Responses in a Full-Scale Crash Test of the Sikorsky ACAP Helicopter},
author={Jackson, Karen E and Fasanella, Edwin L and Boitnott, Richard and McEntire, Joseph and Lewis, Alan},
journal={Journal of the American Helicopter Society},
volume={49},
number={2},
pages={127--139},
year={2004},
publisher={AHS International}
}


@ARTICLE{PazEdi2,
AUTHOR  = {Paz, J. and Romera, L. and D\'{\i{}}az, J.},
JOURNAL = {Finite Elements in Analysis and Design. \textbf{To be submitted for publication}},
TITLE   = {Optimization of hybrid energy absorbers for crashworty aircraft designs},
YEAR    = {2018},
}


@article{sae2007j211,
title={J211-1 Instrumentation for Impact Test—Part 1—Electronic Instrumentation},
author={SAE, SAE},
journal={SAE International},
year={2007}
}


@article{henn1998crash,
title={Crash tests and the head injury criterion},
author={Henn, Hans-Wolfgang},
journal={Teaching mathematics and its applications},
volume={17},
number={4},
pages={162--170},
year={1998},
publisher={Oxford University Press}
}


@article{desjardins1989aircraft,
title={Aircraft crash survival design guide},
author={Desjardins, SP and Zimmerman, RE and Bolukbasi, AO and Merritt, NA},
journal={US Army Aviation Systems Command TR},
volume={89},
year={1989}
}


@article{Ramakrishna-1998,
title = {Energy Absorption Characteristics of Crash Worthy Structural Composite Materials},
author  = {Ramakrishna, S. and Hamada, Hiroyuki},
journal = {Key Engineering Materials},
year  = {1998},
volume  = {141-143},
page  = {585--622},
}


@article{calladine1983investigation,
title={An investigation of impact scaling theory},
author={Calladine, CR},
year={1983},
publisher={Butterworth-Heinemann Ltd}
}


@misc{booth1983impact,
title={Impact scalability of plated steel structures},
author={Booth, E and Collier, D and Miles, J},
journal={Structural crashworthiness},
pages={136--174},
year={1983},
publisher={Butterworths, London}
}


@misc{smart2014fortwo,
author = {Daimler},
title = {The new smart fortwo 2014: smart fortwo bodyshell},
howpublished = {\url{https://goo.gl/4Fb2SD}},
note = {Accessed: 2017-10-19}
}


@misc{cessna_droptest,
author = {NASA},
title = {1974 Cessna 172 drop test at NASA Langley's Landing and Impact Research Facility. August 26ht, 2015},
howpublished = {\url{https://goo.gl/x8U3hc}},
note = {Accessed: 2018-1-5}
}


@misc{globalncap,
author = {{Global NCAP}},
title = {List of NCAPS},
howpublished = {\url{https://goo.gl/dWvokW}},
note = {Accessed: 2017-12-23}
}


@inproceedings{meyerson2009evaluation,
title={Evaluation of Advanced Compatibility Frontal Structures Using the Progressive Deformable Barrier (PDB)},
author={MEYERSON, S and WIACEK, C and DELANNOY, P and ROBERT, G},
booktitle={Proceedings of the 21st International Technical Conference on the Enhanced Safety of Vehicles, Stuttgart},
year={2009},
month={06},
}


@article{matolcsy2003lessons,
title={Lessons and conclusions-learned from the analysis of bus rollover accidents},
author={Matolcsy, M{\'a}ty{\'a}s},
journal={84th GRSG Working Party on General Safety Provisions},
year={2003}
}


@article{kang2012design,
title={Design of a composite roll bar for the improvement of bus rollover crashworthiness},
author={Kang, Kyoung-Tak and Chun, Heoung-Jae and Park, Jong-Chan and Na, Wook-Jin and Hong, Hyoung-Taek and Hwang, In-Han},
journal={Composites Part B: Engineering},
volume={43},
number={4},
pages={1705--1713},
year={2012},
publisher={Elsevier}
}


@article{brumbelow2009roof,
title={Roof strength and injury risk in rollover crashes},
author={Brumbelow, Matthew L and Teoh, Eric R and Zuby, David S and McCartt, Anne T},
journal={Traffic injury prevention},
volume={10},
number={3},
pages={252--265},
year={2009},
publisher={Taylor \& Francis}
}


@article{pipkorn2012improved,
title={Improved car occupant safety by expandable A-pillars},
author={Pipkorn, Bengt and Lundstr{\"o}m, Jesper and Ericsson, Mattias},
journal={International journal of crashworthiness},
volume={17},
number={1},
pages={11--18},
year={2012},
publisher={Taylor \& Francis}
}


@article{schatrow2016crash,
title={Crash concept for composite transport aircraft using mainly tensile and compressive absorption mechanisms},
author={Schatrow, Paul and Waimer, Matthias},
journal={CEAS Aeronautical Journal},
volume={7},
number={3},
pages={471--482},
year={2016},
publisher={Springer},
doi = {10.1007/s13272-016-0203-6}
}


@article{schatrow2014investigation,
title={Investigation of a crash concept for CFRP transport aircraft based on tension absorption},
author={Schatrow, Paul and Waimer, Matthias},
journal={International journal of crashworthiness},
volume={19},
number={5},
pages={524--539},
year={2014},
publisher={Taylor \& Francis}
}


@article{gransden2017development,
title={Development of a finite element model for comparing metal and composite fuselage section drop testing},
author={Gransden, Derek I and Alderliesten, Ren{\'e}},
journal={International Journal of Crashworthiness},
volume={22},
number={4},
pages={401--414},
year={2017},
publisher={Taylor \& Francis},
doi ={10.1080/13588265.2016.1273987 }
}


@article{waimer2013contribution,
title={Contribution to an improved crash design for a composite transport aircraft fuselage—development of a kinematics model and an experimental component test setup},
author={Waimer, Matthias and Kohlgr{\"u}ber, Dieter and Keck, R{\"u}diger and Voggenreiter, Heinz},
journal={CEAS Aeronautical Journal},
volume={4},
number={3},
pages={265--275},
year={2013},
publisher={Springer}
}


@article{heimbs2013dynamic,
title={Dynamic testing and modelling of composite fuselage frames and fasteners for aircraft crash simulations},
author={Heimbs, Sebastian and Hoffmann, Marco and Waimer, Matthias and Schmeer, Sebastian and Blaurock, J{\"o}rg},
journal={International Journal of Crashworthiness},
volume={18},
number={4},
pages={406--422},
year={2013},
publisher={Taylor \& Francis}
}


@inproceedings{littell2015development,
title={The Development of Two Composite Energy Absorbers for Use in a Transport Rotorcraft Airframe Crash Testbed (TRACT 2) Full-Scale Crash Test},
author={Littell, Justin D and Jackson, Karen E and Annett, Martin S and Seal, Michael D and Fasanella, Edwin L},
booktitle={Proceedings of the 71st Annual American Helicopter Society Forum, Virginia Beach, VA, Mat},
pages={5--7},
year={2015}
}


@inproceedings{galan2000nonlinear,
title={Non-linear response of metallic and composite aeronautical fuselage structures under crash loads and comparison with full scale test},
author={Perez Galan, J. L. and Climent, H. and Le Page, F.},
booktitle={European Congress on Computational Methods in Applied Sciences and Engineering, {ECCOMAS}, Barcelona},
year={2000}
}


@article{jackson2008comparison,
title={Comparison of ALE and SPH simulations of vertical drop tests of a composite fuselage section into water},
author={Jackson, Karen E and Fuchs, Yvonne T},
year={2008}
}


@article{kumakura2000impact,
title={Impact simulation of simplified structural models of aircraft fuselage},
author={Kumakura, Ikuo and Minegishi, Masakatsu and Iwasaki, Kazuo and HOSOKAWA, Takefumi},
journal={2000 World Aviation Conference. {SAE} transactions},
volume={109},
number={1},
pages={1238--1243},
year={2000},
publisher={AMERICAN TECHNICAL PUBLISHERS LTD},
doi = {10.2514/6.2000-5586 }
}


@article{delsart2004evaluation,
title={Evaluation of finite element modelling methodologies for the design of crashworthy composite commercial aircraft fuselage},
author={Delsart, David and Joly, Didier and Mahe, Michel and Winkelmuller, G{\'e}rard},
journal={Office National d'Etudes et de recherches aerospatiales},
number={188},
year={2004},
publisher={INFORMATION SCIENTIFIQUE ET TECHNIQUE ET}
}


@inproceedings{heimbs2011design,
title={Design, analysis and testing of a composite crash absorber for aeronautic applications},
author={Heimbs, S and Middendorf, P},
booktitle={3rd ECCOMAS thematic conference on the mechanical response of composites},
pages={537--544},
year={2011}
}


@inproceedings{shoji2006channel,
title={Channel Section Short Column with Fixed Ends under Axial Impact Load},
author={Shoji, Hirokazu and Minegishi, Masakatsu and Aoki, Takahira},
booktitle={47th AIAA / ASME / ASCE / AHS / ASC Structures, Structural Dynamics, and Materials Conference},
pages={1760},
year={2006},
doi = {10.2514/6.2006-1760 }
}

@techreport{TSAR2015,
  title={Transportation Statistics Annual Report 2015},
  author={{Research and Innovative Technology Administration, Bureau of Transportation Statistics}},
  year={2016},
  institution={U.S. Department of Transportation, Washington DC},
}

@article{lyle2007application,
title={Application of probability methods to assess airframe crash modeling uncertainty},
author={Lyle, Karen H and Stockwell, Alan E and Hardy, Robin C},
journal={Journal of aircraft},
volume={44},
number={5},
pages={1568--1573},
year={2007},
publisher={[New York, etc.] American Institute of Aeronautics and Astronautics.}
}


@article{yiru2010effect,
title={Effect of Cabin-floor Oblique Strut on Crashworthiness of Typical Civil Aircraft Fuselage Section},
author={Yiru, Ren and Jinwu, Xiang and Zhangping, Luo and Jianqiang, Zheng},
journal={Acta Aeronautica Et Astronautica Sinica},
volume={2},
pages={012},
year={2010}
}


@article{Ren:2010kp,
title={A comparative study of the crashworthiness of civil aircraft with different strut configurations},
author={Ren, Yiru and Xiang, Jinwu},
journal={International Journal of Crashworthiness},
volume={15},
number={3},
pages={321--330},
year={2010},
publisher={Taylor \& Francis},
doi = {10.1080/13588260903343823}
}


@article{lyle2002simulation,
title={Simulation of aircraft landing gears with a nonlinear dynamic finite element code},
author={Lyle, Karen H and Jackson, Karen E and Fasanella, Edwin L},
journal={Journal of Aircraft},
volume={39},
number={1},
pages={142--147},
year={2002},
publisher={AMERICAN INST OF AERONAUTICS AND ASTRONAUTICS}
}


@article{zhangping2003crashworthiness,
title={Crashworthiness performance evaluation to helicopter landing gear by finite element simulation},
author={Zhangping, Luo and Jinwu, Xiang},
journal={Acta Aeronautica et Astronautica Sinica},
volume={24},
pages={216--219},
year={2003}
}


@misc{regulations1970part,
title={Part 25-Airworthiness Standards: Transport Category Airplanes},
author={{Federal Aviation Regulations}},
journal={Federal Aviation Administration (FAA), USA},
year={1970}
}


@misc{regulations1996part,
title={Dynamic Evaluation of Seat Restraint Systems and Occupant Protection on Transport Airplanes},
author={{Federal Aviation Administration, Advisory circular 25.562-1A}},
year={1996},
month={01},
publisher={USA}
}


@misc{regulations1989part,
title={Dynamic Testing of Part 23 Airplane Seat/Restraint System and Occupant Protection},
author={{Federal Aviation Administration, Advisory circular 23.562-1}},
year={1989},
month={06},
publisher={USA}
}


@misc{regulations1991part,
title={Part 23 Airworthiness Standards: Normal, Utility, Acrobatic and Commuter Category Airplanes},
author={{Federal Aviation Regulations}},
year={1991},
publisher={USA}
}


@article{jackson2001impact,
title={Impact testing and simulation of a crashworthy composite fuselage concept},
author={Jackson, KE},
journal={International Journal of Crashworthiness},
volume={6},
number={1},
pages={107--122},
year={2001},
publisher={Taylor \& Francis}
}


@article{farley1987crash,
title={Crash energy absorbing subfloor beam structure},
author={Farley, Gary L},
journal={Journal of the American Helicopter Society},
volume={32},
number={4},
pages={28--38},
year={1987},
publisher={AHS International}
}


@misc{wiggenraad1999development,
title={Development of a crashworthy composite fuselage structure for a commuter aircraft},
author={Wiggenraad, JFM},
year={1999},
publisher={National Aerospace Laboratory NLR}
}


@article{mccarthy2001numerical,
title={Numerical investigation of a crash test of a composite helicopter subfloor structure},
author={McCarthy, MA and Wiggenraad, JFM},
journal={Composite structures},
volume={51},
number={4},
pages={345--359},
year={2001},
publisher={Elsevier}
}


@techreport{810614,
  title={Aircraft subfloor response to crash loadings},
  author={Carden, Huey D and Hayduk, Robert J},
  year={1981},
  institution={SAE Technical Paper}
}


@inbook{Bisagni-2003,
doi = {10.1016/B978-008044046-0.50029-4},
title = {Computational Fluid and Solid Mechanics 2003 || Development of a crashworthy subfloor concept for a commuter aircraft},
author  = {Bisagni, Chiara},
isbn  = {9780080440460},
year  = {2003},
page  = {111--114},
}


@article{desjardins2006evolution,
title={The evolution of energy absorption systems for crashworthy helicopter seats},
author={Desjardins, Stanley P},
journal={Journal of the American Helicopter Society},
volume={51},
number={2},
pages={150--163},
year={2006},
publisher={AHS International}
}


@article{farley1983energy,
title={Energy absorption of composite materials},
author={Farley, Gary L},
journal={Journal of composite Materials},
volume={17},
number={3},
pages={267--279},
year={1983},
publisher={Sage Publications Sage CA: Thousand Oaks, CA}
}


@article{carruthers1998energy,
title={Energy absorption capability and crashworthiness of composite material structures: a review},
author={Carruthers, Joe J and Kettle, AP and Robinson, AM},
journal={Applied Mechanics Reviews},
volume={51},
number={10},
pages={635--649},
year={1998},
publisher={American Society of Mechanical Engineers}
}


@article{heimbs2009crash,
title={Crash Simulation of an F1 Racing Car Front Impact Structure},
author={Heimbs, S and Strobl, F and Middendorf, P and Gardner, S and Eddington, B and Key, J},
year={2009}
}


@article{santosa1998crash,
title={Crash behavior of box columns filled with aluminum honeycomb or foam},
author={Santosa, S and Wierzbicki, Tomasz},
journal={Computers \& Structures},
volume={68},
number={4},
pages={343--367},
year={1998},
publisher={Elsevier},
doi = {10.1016/s0045-7949(98)00067-4},
}


@article{olympio2010flexible,
title={Flexible skins for morphing aircraft using cellular honeycomb cores},
author={Olympio, Kingnid{\'e} R and Gandhi, Farhan},
journal={Journal of intelligent material systems and structures},
volume={21},
number={17},
pages={1719--1735},
year={2010},
publisher={Sage Publications Sage UK: London, England}
}


@inproceedings{heimbs2006honeycomb,
title={Honeycomb sandwich material modeling for dynamic simulations of aircraft interior components},
author={Heimbs, S and Middendorf, P and Maier, M and others},
booktitle={Proceedings of the 9th international LS-DYNA users conference. Dearborn (MI)},
year={2006}
}


@article{farley1992crushing,
title={Crushing characteristics of continuous fiber-reinforced composite tubes},
author={Farley, Gary L and Jones, Robert M},
journal={Journal of composite Materials},
volume={26},
number={1},
pages={37--50},
year={1992},
publisher={Sage Publications Sage CA: Thousand Oaks, CA}
}


@article{hull1991unified,
title={A unified approach to progressive crushing of fibre-reinforced composite tubes},
author={Hull, D},
journal={Composites science and technology},
volume={40},
number={4},
pages={377--421},
year={1991},
publisher={Elsevier}
}


@article{wierzbicki1996axial,
title={Axial resistance and energy absorption of externally reinforced metal tubes},
author={Wierzbicki, Tomasz and others},
journal={Composites Part B: Engineering},
volume={27},
number={5},
pages={387--394},
year={1996},
publisher={Elsevier}
}


@article{sun2010crashworthiness,
title={Crashworthiness design for functionally graded foam-filled thin-walled structures},
author={Sun, Guangyong and Li, Guangyao and Hou, Shujuan and Zhou, Shiwei and Li, Wei and Li, Qing},
journal={Materials Science and Engineering: A},
volume={527},
number={7},
pages={1911--1919},
year={2010},
publisher={Elsevier}
}


@article{soutis2005fibre,
title={Fibre reinforced composites in aircraft construction},
author={Soutis, C},
journal={Progress in Aerospace Sciences},
volume={41},
number={2},
pages={143--151},
year={2005},
publisher={Elsevier}
}


@inproceedings{hellard2008composites,
title={Composites in airbus a long story of innovations and experiences},
author={Hellard, Guy},
booktitle={Composites in Airbus at Global Investor Forum},
year={2008}
}


@article{mohsenizadeh2015crashworthiness,
title={Crashworthiness assessment of auxetic foam-filled tube under quasi-static axial loading},
author={Mohsenizadeh, S and Alipour, R and Rad, M Shokri and Nejad, A Farokhi and Ahmad, Z},
journal={Materials \& Design},
volume={88},
pages={258--268},
year={2015},
publisher={Elsevier}
}


@article{gupta2006comparison,
title={Comparison of compressive properties of layered syntactic foams having gradient in microballoon volume fraction and wall thickness},
author={Gupta, Nikhil and Ricci, William},
journal={Materials Science and Engineering: A},
volume={427},
number={1},
pages={331--342},
year={2006},
publisher={Elsevier}
}


@article{onsalung2010influence,
title={The influence of foam density on specific energy absorption of rectangular steel tubes},
author={Onsalung, Nirut and Thinvongpituk, Chawalit and Painthong, Kulachate},
journal={Energy Research Journal},
volume={1},
number={2},
pages={135--140},
year={2010}
}


@incollection{thornton1983energy,
title={Energy absorption by structural collapse},
author={Thornton, PH and Mahmood, HF and Magee, CL},
editor      = "Jones, Norman and Wierzbicki, Tomasz",
booktitle   = "Structural crashworthiness",
publisher   = "Butterworths",
address     = "London",
year        = 1983,
pages       = "96--117",
chapter     = 4,
}


@article{tan2005dynamic2,
title={Dynamic compressive strength properties of aluminium foams. Part II—‘shock’theory and comparison with experimental data and numerical models},
author={Tan, PJ and Reid, SR and Harrigan, JJ and Zou, Z and Li, S},
journal={Journal of the Mechanics and Physics of Solids},
volume={53},
number={10},
pages={2206--2230},
year={2005},
publisher={Elsevier}
}


@article{xu2014strength,
title={Strength enhancement of aluminium foams and honeycombs by entrapped air under dynamic loadings},
author={Xu, Shanqing and Ruan, Dong and Lu, Guoxing},
journal={International Journal of Impact Engineering},
volume={74},
pages={120--125},
year={2014},
publisher={Elsevier}
}


@article{tan2005dynamic1,
title={Dynamic compressive strength properties of aluminium foams. Part I—experimental data and observations},
author={Tan, PJ and Reid, SR and Harrigan, JJ and Zou, Z and Li, S},
journal={Journal of the Mechanics and Physics of Solids},
volume={53},
number={10},
pages={2174--2205},
year={2005},
publisher={Elsevier}
}


@article{tagarielli2008high,
title={The high strain rate response of PVC foams and end-grain balsa wood},
author={Tagarielli, VL and Deshpande, VS and Fleck, NA},
journal={Composites Part B: Engineering},
volume={39},
number={1},
pages={83--91},
year={2008},
publisher={Elsevier}
}


@article{yi2001strain,
title={Strain rate effects on the compressive property and the energy-absorbing capacity of aluminum alloy foams},
author={Yi, Feng and Zhu, Zhengang and Zu, Fangqiou and Hu, Shisheng and Yi, Pan},
journal={Materials Characterization},
volume={47},
number={5},
pages={417--422},
year={2001},
publisher={Elsevier}
}


@article{bouix2009polypropylene,
title={Polypropylene foam behaviour under dynamic loadings: Strain rate, density and microstructure effects},
author={Bouix, R{\'e}my and Viot, Philippe and Lataillade, Jean-Luc},
journal={International journal of impact engineering},
volume={36},
number={2},
pages={329--342},
year={2009},
publisher={Elsevier}
}


@article{chen1999effect,
title={Effect of imperfections on the yielding of two-dimensional foams},
author={Chen, C and Lu, TJ and Fleck, NA},
journal={Journal of the Mechanics and Physics of Solids},
volume={47},
number={11},
pages={2235--2272},
year={1999},
publisher={Elsevier}
}


@article{brezny1990effect,
title={The effect of cell size on the mechanical behavior of cellular materials},
author={Brezny, Rasto and Green, David J},
journal={Acta metallurgica et materialia},
volume={38},
number={12},
pages={2517--2526},
year={1990},
publisher={Elsevier}
}


@book{gibson1999cellular,
title={Cellular solids: structure and properties},
author={Gibson, Lorna J and Ashby, Michael F},
year={1999},
publisher={Cambridge university press}
}


@article{markaki2001effect,
title={The effect of cell wall microstructure on the deformation and fracture of aluminium-based foams},
author={Markaki, AE and Clyne, TW},
journal={Acta Materialia},
volume={49},
number={9},
pages={1677--1686},
year={2001},
publisher={Elsevier}
}


@article{toksoy2005strengthening,
title={The strengthening effect of polystyrene foam filling in aluminum thin-walled cylindrical tubes},
author={Toksoy, Ahmet Kaan and G{\"u}den, Mustafa},
journal={Thin-walled structures},
volume={43},
number={2},
pages={333--350},
year={2005},
publisher={Elsevier},
doi = {10.1016/j.tws.2004.07.007 }
}


@article{hanssen2001optimum,
title={Optimum design for energy absorption of square aluminium columns with aluminium foam filler},
author={Hanssen, AG and Langseth, M and Hopperstad, OS},
journal={International Journal of Mechanical Sciences},
volume={43},
number={1},
pages={153--176},
year={2001},
publisher={Elsevier}
}


@article{reddy1993axial,
title={Axial crushing of wood-filled square metal tubes},
author={Reddy, TY and Al-Hassani, STS},
journal={International journal of mechanical sciences},
volume={35},
number={3-4},
pages={231--246},
year={1993},
publisher={Elsevier},
doi = {10.1016/0020-7403(93)90078-9 }
}


@article{coelho2013new,
title={New composite liners for energy absorption purposes},
author={Coelho, RM and de Sousa, RJ Alves and Fernandes, FAO and Teixeira-Dias, FMVH},
journal={Materials \& Design},
volume={43},
pages={384--392},
year={2013},
publisher={Elsevier}
}


@article{zarei2008optimization,
title={Optimization of the foam-filled aluminum tubes for crush box application},
author={Zarei, HR and Kr{\"o}ger, Matthias},
journal={Thin-Walled Structures},
volume={46},
number={2},
pages={214--221},
year={2008},
publisher={Elsevier}
}


@article{karagiozova2004transition,
title={Transition from progressive buckling to global bending of circular shells under axial impact----Part I: Experimental and numerical observations},
author={Karagiozova, D and Alves, Marc{\i}lio},
journal={International Journal of Solids and Structures},
volume={41},
number={5},
pages={1565--1580},
year={2004},
publisher={Elsevier}
}


@techreport{magee1978design,
title={Design considerations in energy absorption by structural collapse},
author={Magee, CL and Thornton, PH},
year={1978},
institution={SAE Technical Paper}
}


@article{dewalt1972energy,
title={Energy Absorption by Compression of Aluminum Tubes},
author={Dewalt, WJ and Herbein, WC},
journal={Alcoa Research Laboratories Engineering Design Division, Report},
number={12-72},
pages={23},
year={1972}
}


@article{macaulay1964small,
title={Small scale model railway coaches under impact},
author={Macaulay, MA and Redwood, RG},
journal={The Engineer},
volume={218},
pages={1041--1046},
year={1964}
}


@techreport{cowper1957strain,
title={Strain-hardening and strain-rate effects in the impact loading of cantilever beams},
author={Cowper, G Rr and Symonds, Paul Southworth},
year={1957},
institution={Brown Univ Providence Ri}
}


@article{aya1974energy,
title={Energy Absorbing Characteristics of Body Structures (Part 1)},
author={Aya, N and Takahashi, K},
journal={Transactions of Society of Automotive Engineers of Japan},
number={7},
pages={60--66},
year={1974}
}


@article{ohokubo1974mean,
title={Mean crushing strength of closed-hat section members SAE paper 740040},
author={Ohokubo, Y and Akamatsu, T and Shirasawa, K},
journal={Automotive Engineering Comgress, Detroit},
year={1974}
}


@book{calladine1989theory,
title={Theory of shell structures},
author={Calladine, Chris R},
year={1989},
publisher={Cambridge University Press}
}


@article{menouer2014new,
title={New generation of energy dissipating systems based on biaxial buckling},
author={Menouer, A and Baleh, R and Djebbar, A and Abdul-Latif, A},
journal={Thin-Walled Structures},
volume={85},
pages={456--465},
year={2014},
publisher={Elsevier}
}


@article{eyvazian2014axial,
title={Axial crushing behavior and energy absorption efficiency of corrugated tubes},
author={Eyvazian, Arameh and Habibi, Meisam K and Hamouda, Abdel Magid and Hedayati, Reza},
journal={Materials \& Design (1980-2015)},
volume={54},
pages={1028--1038},
year={2014},
publisher={Elsevier}
}


@article{singace1997behaviour,
title={Behaviour of axially crushed corrugated tubes},
author={Singace, Abduljalil Abdulla and El-Sobky, Hobab},
journal={International Journal of Mechanical Sciences},
volume={39},
number={3},
pages={249263267--261265268},
year={1997},
publisher={Elsevier}
}


@article{salehghaffari2010attempts,
title={Attempts to improve energy absorption characteristics of circular metal tubes subjected to axial loading},
author={Salehghaffari, S and Tajdari, M and Panahi, M and Mokhtarnezhad, F},
journal={Thin-Walled Structures},
volume={48},
number={6},
pages={379--390},
year={2010},
publisher={Elsevier}
}


@article{zhang2014axial,
title={Axial crushing and optimal design of square tubes with graded thickness},
author={Zhang, Xiong and Wen, Zhuzhu and Zhang, Hui},
journal={Thin-Walled Structures},
volume={84},
pages={263--274},
year={2014},
publisher={Elsevier}
}


@article{zhang2013energy,
title={Energy absorption of multi-cell stub columns under axial compression},
author={Zhang, Xiong and Zhang, Hui},
journal={Thin-Walled Structures},
volume={68},
pages={156--163},
year={2013},
publisher={Elsevier}
}


@article{heimbs2010composite,
title={Composite crash absorber for aircraft fuselage applications},
author={Heimbs, S and Strobl, F and Middendorf, P and Guimard, JM},
journal={WIT Transactions on the built environment},
volume={113},
pages={3--14},
year={2010},
publisher={WIT Press}
}


@techreport{kumakura2002vertical,
title={Vertical drop test of a transport fuselage section},
author={Kumakura, Ikuo and Minegishi, Masakatsu and Iwasaki, Kazuo and Shoji, Hirokazu and Yoshimoto, Norio and Terada, Hiroyuki and Sashikuma, Hirofumi and Isoe, Akira and Yamaoka, Toshihiro and Katayama, Noriaki and others},
year={2002},
institution={SAE Technical Paper}
}


@article{wang2002mushrooming,
title={Mushrooming of circular tubes under dynamic axial loading},
author={Wang, B and Lu, G},
journal={Thin-walled structures},
volume={40},
number={2},
pages={167--182},
year={2002},
publisher={Elsevier}
}


@article{guler2010effect,
title={The effect of geometrical parameters on the energy absorption characteristics of thin-walled structures under axial impact loading},
author={Guler, Mehmet A and Cerit, Muhammed E and Bayram, Bertan and Gerceker, Bora and Karakaya, Emrah},
journal={International Journal of Crashworthiness},
volume={15},
number={4},
pages={377--390},
year={2010},
publisher={Taylor \& Francis}
}


@article{baroutaji2017crashworthiness,
title={On the crashworthiness performance of thin-walled energy absorbers: Recent advances and future developments},
author={Baroutaji, Ahmad and Sajjia, Mustafa and Olabi, Abdul-Ghani},
journal={Thin-Walled Structures},
volume={118},
pages={137--163},
year={2017},
publisher={Elsevier}
}


@article{reddy2015multi,
title={Multi-cornered thin-walled sheet metal members for enhanced crashworthiness and occupant protection},
author={Reddy, Sekhar and Abbasi, Milad and Fard, Mohammad},
journal={Thin-Walled Structures},
volume={94},
pages={56--66},
year={2015},
publisher={Elsevier}
}


@article{fan2013quasi,
title={Quasi-static axial compression of thin-walled tubes with different cross-sectional shapes},
author={Fan, Z and Lu, G and Liu, K},
journal={Engineering Structures},
volume={55},
pages={80--89},
year={2013},
publisher={Elsevier}
}


@article{yamashita2003axial,
title={Axial crush of hollow cylindrical structures with various polygonal cross-sections: Numerical simulation and experiment},
author={Yamashita, Minoru and Gotoh, Manabu and Sawairi, Yasuhiko},
journal={Journal of Materials Processing Technology},
volume={140},
number={1},
pages={59--64},
year={2003},
publisher={Elsevier}
}


@article{zhang2010crushing,
title={Crushing analysis of polygonal columns and angle elements},
author={Zhang, Xiong and Huh, Hoon},
journal={International Journal of Impact Engineering},
volume={37},
number={4},
pages={441--451},
year={2010},
publisher={Elsevier}
}


@article{tang2013analysis,
title={Analysis of energy absorption characteristics of cylindrical multi-cell columns},
author={Tang, Zhiliang and Liu, Shutian and Zhang, Zonghua},
journal={Thin-Walled Structures},
volume={62},
pages={75--84},
year={2013},
publisher={Elsevier}
}


@article{waagstrom2005structural,
title={Structural adaptivity in frontal collisions: implications on crash pulse characteristics},
author={W{\aa}gstr{\"o}m, Linus and Thomson, R and Pipkorn, B},
journal={International Journal of Crashworthiness},
volume={10},
number={4},
pages={371--378},
year={2005},
publisher={Taylor \& Francis}
}


@book{witteman1998improved,
title={Improved vehicle crashworthiness design by control of the energy absorption for different collision situations},
author={Witteman, Willem},
year={1998},
publisher={Eindhoven University}
}


@article{ahmad2009application,
title={Application of foam-filled conical tubes in enhancing the crashworthiness performance of vehicle protective structures},
author={Ahmad, Zaini and Thambiratnam, David Pathmaseelan},
journal={International journal of crashworthiness},
volume={14},
number={4},
pages={349--363},
year={2009},
publisher={Taylor \& Francis}
}


@article{marsolek2004energy,
title={Energy absorption of metallic cylindrical shells with induced non-axisymmetric folding patterns},
author={Marsolek, J and Reimerdes, H-G},
journal={International Journal of Impact Engineering},
volume={30},
number={8},
pages={1209--1223},
year={2004},
publisher={Elsevier}
}


@article{bisagni2002crashworthiness,
title={Crashworthiness of helicopter subfloor structures},
author={Bisagni, Chiara},
journal={International Journal of Impact Engineering},
volume={27},
number={10},
pages={1067--1082},
year={2002},
publisher={Elsevier},
doi = {10.1016/s0734-743x(02)00015-5}
}


@article{mamalis1984crumpling,
title={The crumpling of steel thin-walled tubes and frusta under axial compression at elevated strain-rates: some experimental results},
author={Mamalis, AG and Johnson, W and Viegelahn, GL},
journal={International Journal of Mechanical Sciences},
volume={26},
number={11},
pages={537--547},
year={1984},
publisher={Elsevier}
}


@book{jones2011structural,
title={Structural impact},
author={Jones, Norman},
year={2011},
publisher={Cambridge university press}
}


@article{mamalis1983quasi,
title={The quasi-static crumpling of thin-walled circular cylinders and frusta under axial compression},
author={Mamalis, AG and Johnson, W},
journal={International Journal of Mechanical Sciences},
volume={25},
number={9-10},
pages={713--732},
year={1983},
publisher={Elsevier}
}


@book{jones2010structural,
title={Structural Crashworthiness and Failure: Proceedings of the Third International Symposium on Structural Crashworthiness held at the University of Liverpool, England, 14-16 April 1993},
author={Jones, Norman and Wierzbicki, Tomasz},
year={2010},
publisher={CRC Press}
}


@article{reid1998design,
title={Design and simulation of a sequential kinking guardrail terminal},
author={Reid, John D and Sicking, Dean L},
journal={International journal of impact engineering},
volume={21},
number={9},
pages={761--772},
year={1998},
publisher={Elsevier}
}


@article{grzebieta1985static,
title={The static behaviour of struts with initial kinks at their centre point},
author={Grzebieta, RH and Murray, NW},
journal={International Journal of Impact Engineering},
volume={3},
number={3},
pages={155--165},
year={1985},
publisher={Elsevier}
}


@article{guillow2001quasi,
title={Quasi-static axial compression of thin-walled circular aluminium tubes},
author={Guillow, SR and Lu, G and Grzebieta, RH},
journal={International Journal of Mechanical Sciences},
volume={43},
number={9},
pages={2103--2123},
year={2001},
publisher={Elsevier}
}


@article{reid1985metal,
title={Metal tubes as impact energy absorbers},
author={Reid, SR},
journal={Metal forming and impact mechanics},
pages={249},
year={1985}
}


@article{sadeghi1984design,
title={Design of heavy duty energy absorbers},
author={Sadeghi, MM},
journal={Structural Impact and Crashworthiness,},
volume={2},
pages={588--604},
year={1984}
}


@article{wu1997initial,
title={Initial collapse of braced elliptical tubes under lateral compression},
author={Wu, Lan and Carney, John F},
journal={International Journal of Mechanical Sciences},
volume={39},
number={9},
pages={1023--1036},
year={1997},
publisher={Elsevier}
}


@article{reddy1979lateral,
title={Lateral compression of tubes and tube-systems with side constraints},
author={Reddy, T Yella and Reid, SR},
journal={International Journal of Mechanical Sciences},
volume={21},
number={3},
pages={187--199},
year={1979},
publisher={Elsevier}
}


@article{deruntz1963crushing,
title={Crushing of a tube between rigid plates},
author={DeRuntz, John A and Hodge, PG},
journal={Journal of Applied Mechanics},
volume={30},
number={3},
pages={391--395},
year={1963},
publisher={American Society of Mechanical Engineers}
}


@article{thomas1976large,
title={Large deformations of thin-walled circular tubes under transverse loading—I: an experimental survey of the bending of simply supported tubes under a central load},
author={Thomas, SG and Reid, SR and Johnson, W},
journal={International journal of mechanical sciences},
volume={18},
number={6},
pages={325in3327--326in6333},
year={1976},
publisher={Elsevier}
}


@inproceedings{ezra1972assessment,
title={An assessment of energy absorbing devices for prospective use in aircraft impact situations},
author={Ezra, Arthur A},
booktitle={Dynamic response of structures},
year={1972},
organization={Pergamon Press}
}


@article{kinkead1983analysis,
title={Analysis for inversion load and energy absorption of a circular tube},
author={Kinkead, AN},
journal={The Journal of Strain Analysis for Engineering Design},
volume={18},
number={3},
pages={177--188},
year={1983},
publisher={SAGE Publications Sage UK: London, England}
}


@article{al1972characteristics,
title={Characteristics of inversion tubes under axial loading},
author={Al-Hassani, STS and Johnson, W and Lowe, WT},
journal={Journal of Mechanical Engineering Science},
volume={14},
number={6},
pages={370--381},
year={1972},
publisher={SAGE Publications Sage UK: London, England}
}


@book{lu2003energy,
title={Energy absorption of structures and materials},
author={Lu, Guoxing and Yu, TX},
year={2003},
publisher={Elsevier}
}


@article{johnson1978metallic,
title={Metallic energy dissipating systems},
author={Johnson, W},
journal={Appl. Mech. Rev.},
volume={31},
pages={277--288},
year={1978}
}

@Article{Postlethwaite1970,
  author    = {Postlethwaite, HE and Mills, B},
  title     = {Use of collapsible structural elements as impact isolators, with special references to automotive applications},
  journal   = {Journal of strain analysis},
  year      = {1970},
  volume    = {5},
  number    = {1},
  pages     = {58--73},
  publisher = {SAGE Publications Sage UK: London, England},
}


@article{alghamdi2001collapsible,
title={Collapsible impact energy absorbers: an overview},
author={Alghamdi, AAA},
journal={Thin-walled structures},
volume={39},
number={2},
pages={189--213},
year={2001},
publisher={Elsevier}
}


@book{hiermaier2007structures,
title={Structures under crash and impact: continuum mechanics, discretization and experimental characterization},
author={Hiermaier, Stefan},
year={2007},
publisher={Springer Science \& Business Media}
}


@book{stronge2004impact,
title={Impact mechanics},
author={Stronge, William James},
year={2004},
publisher={Cambridge university press}
}


@article{noor1993computational,
title={Computational methods for crashworthiness},
author={Noor, Ahmed K and Carden, Huey D},
year={1993}
}


@article{belytschko1974nonlinear,
title={Nonlinear finite-element method for plates and its application to dynamic response of reactor fuel subassemblies},
author={Belytschko, T and Marchertas, AH},
journal={Journal of Pressure Vessel Technology},
volume={96},
number={4},
pages={251--257},
year={1974},
publisher={American Society of Mechanical Engineers}
}


@article{fountain1996flexible,
title={Flexible body modelling in {MADYMO}},
author={Fountain, M A and Koppens, W P and Lupker, H A },
journal={Proceedings of the 6th International MADYMO Users' Meeting},
pages={175--186},
year={1996},
publisher={{Amsterdam, The Netherlands}},
}


@inproceedings{happee2003application,
title={Application of MADYMO occupant models in LS-DYNA/MADYMO coupling},
author={Happee, R and Janssen, AJ and Fraterman, E and Monster, JW and Happee, R and Automotive, TNO},
booktitle={4th European LS-DYNA Users Conference},
pages={3--10},
year={2003}
}


@book{welch1976finite,
title={Finite element analysis of automotive structures under crash loadings},
author={Welch, RE and Bruce, RW and Belytschko, Ted},
year={1976},
publisher={National Highway Traffic Safety Administration}
}


@article{hallquist2007ls,
title={LS-DYNA keyword user’s manual},
author={Hallquist, John O and others},
journal={Livermore Software Technology Corporation},
volume={970},
year={2007}
}


@article{crash2000solver,
title={Solver Reference Manual},
author={{PAM-CRASH}},
journal={ESI Group Software product company. Rungis (France)},
year={2000}
}


@article{manual2002db,
title={DB/CD},
author={{MSC DYTRAN User’s Manual}},
journal={Los Angeles, USA: MSC Corporation},
year={2002}
}


@techreport{AAIT,
title={The Air Accident Investigation Tool},
author={Walton, Andrew and Whayeb, Shakir and Sadeghi, Majid},
year={1995},
institution={Second International {KRASH} User's Seminar, Cranfield Impact Centre},
}


@article{hallquist1989dyna3d,
title={DYNA3D User’s Manual},
author={Hallquist, John O and Whirley, Robert G},
journal={LLNL, Livermore, CA, UCID-19592},
year={1989}
}


@article{lahey1994msc,
title={MSC/NASTRAN Reference Manual, Version 68},
author={Lahey, Robert S and Miller, Mark P and Reymond, Michael},
journal={The MacNeal-Schwendler Corporation},
year={1994}
}


@article{williams1982crash,
title={Crash tests of four low-wing twin-engine airplanes with truss-reinforced fuselage structure},
author={Williams, M Susan and Fasanella, Edwin L},
year={1982}
}


@techreport{maia2005review,
title={A review of finite element simulation of aircraft crashworthiness},
author={Maia, Leandro Guimar{\~a}es and de Oliveira, Paulo Henriques Iscold Andrade},
year={2005},
institution={SAE Technical Paper}
}


@article{kindervater1998crash,
title={Crash simulation methodologies for aircraft structures used within european crashworthiness research},
author={Kindervater, CM and Kohlgr{\"u}ber, D and L{\"u}tzenburger, M},
year={1998}
}


@techreport{gamon1979krash,
title={KRASH User’s Manual: Thoery Volume I},
author={Gamon, MA},
year={1979},
institution={FAA-RD-77-1891, Lockheed-California Company}
}


@techreport{gamon1985krash,
title={KRASH 85 User's Guide-Input/Output Format.},
author={Gamon, Max A and Wittlin, Gil and LaBarge, Bill L},
year={1985},
institution={FAA-RD-77-1891, Lockheed-California Company}
}


@article{hajela1997topological,
title={Topological optimization of rotorcraft subfloor structures for crashworthiness considerations},
author={Hajela, P and Lee, Eoo},
journal={Computers \& structures},
volume={64},
number={1-4},
pages={65--76},
year={1997},
publisher={Elsevier}
}


@ARTICLE{LancasterMLS,
author={Lancaster, P. and Salkauskas, K.},
title={Surfaces generated by moving least squares methods},
journal={Mathematics of Computation},
year={1981},
volume={37},
number={155},
pages={141-158},
}


@ARTICLE{Candy200051,
author={Candy, E.G. and Kirk, N.E. and Murrell, P.J.},
title={Airframe Water Impact Analysis},
journal={International Journal of Crashworthiness},
year={2000},
volume={5},
number={1},
pages={51-62},
}


@ARTICLE{Georgiadis2008258,
author={Georgiadis, S. and Gunnion, A.J. and Thomson, R.S. and Cartwright, B.K.},
title={Bird-strike simulation for certification of the Boeing 787 composite moveable trailing edge},
journal={Composite Structures},
year={2008},
volume={86},
number={1-3},
pages={258-268},
}


@ARTICLE{Guida20111060,
author={Guida, M. and Marulo, F. and Meo, M. and Grimaldi, A. and Olivares, G.},
title={SPH - Lagrangian study of bird impact on leading edge wing},
journal={Composite Structures},
year={2011},
volume={93},
number={3},
pages={1060-1071},
}


@article{mamalis1997crashworthy,
title={Crashworthy capability of composite material structures},
author={Mamalis, AG and Robinson, M and Manolakos, DE and Demosthenous, GA and Ioannidis, MB and Carruthers, J},
journal={Composite structures},
volume={37},
number={2},
pages={109--134},
year={1997},
publisher={Elsevier}
}


@article{bambach2009axial,
title={Axial capacity and design of thin-walled steel SHS strengthened with CFRP},
author={Bambach, MR and Jama, HH and Elchalakani, M},
journal={Thin-Walled Structures},
volume={47},
number={10},
pages={1112--1121},
year={2009},
publisher={Elsevier}
}


@ARTICLE{PazEdi1,
AUTHOR  = {Paz, J. and Romera, L. and D\'{\i{}}az, J. and Teixeira-Dias, F.},
JOURNAL = {International Journal of Crashworthiness. \textbf{Accepted for publication Apr-01}},
TITLE   = {Crashworthiness study on hybrid energy absorbers as vertical struts in civil aircraft fuselage designs},
YEAR    = {2019},
doi     = {10.1080/13588265.2019.1605723},
}


@book{Boeing_737,
author = {{Boeing Commercial Airplanes}},
title = {{737 Airplane Characteristics for Airport Planning. D6-58325-6}},
year = {2013},
month = {09},
}


@article{costas2016axial,
title={{Axial crushing of aluminum extrusions filled with PET foam and GFRP. An experimental investigation}},
author={Costas, M and Morin, D and Langseth, M and Romera, L and D{\'\i}az, J},
journal={Thin-Walled Structures},
volume={99},
pages={45--57},
year={2016},
publisher={Elsevier},
doi = {10.1016/j.tws.2015.11.003}
}


@article{ren2016crashworthiness,
title={Crashworthiness analysis of aircraft fuselage with sine-wave beam structure},
author={Ren, Yiru and Xiang, Jinwu and Zheng, Jianqiang and Luo, Zhangping},
journal={Chinese Journal of Aeronautics},
volume={29},
number={2},
pages={403--410},
year={2016},
publisher={Elsevier},
doi = {10.1016/j.cja.2016.02.002},
}


@article{storn1997differential,
title={Differential evolution--a simple and efficient heuristic for global optimization over continuous spaces},
author={Storn, Rainer and Price, Kenneth},
journal={Journal of global optimization},
volume={11},
number={4},
pages={341--359},
year={1997},
publisher={Springer}
}


@article{kirkpatrick1983optimization,
title={Optimization by simulated annealing},
author={Kirkpatrick, Scott and Gelatt, C Daniel and Vecchi, Mario P and others},
journal={science},
volume={220},
number={4598},
pages={671--680},
year={1983},
publisher={Washington}
}


@article{blum2003metaheuristics,
title={Metaheuristics in combinatorial optimization: Overview and conceptual comparison},
author={Blum, Christian and Roli, Andrea},
journal={ACM Computing Surveys (CSUR)},
volume={35},
number={3},
pages={268--308},
year={2003},
publisher={ACM}
}


@incollection{kennedy2011particle,
title={Particle swarm optimization},
author={Kennedy, James},
booktitle={Encyclopedia of machine learning},
pages={760--766},
year={2011},
publisher={Springer}
}


@inproceedings{yang2009cuckoo,
title={Cuckoo search via L{\'e}vy flights},
author={Yang, Xin-She and Deb, Suash},
booktitle={Nature \& Biologically Inspired Computing, 2009. NaBIC 2009. World Congress on},
pages={210--214},
year={2009},
organization={IEEE}
}


@book{yang2010nature,
title={Nature-inspired metaheuristic algorithms},
author={Yang, Xin-She},
year={2010},
publisher={Luniver press}
}


@article{geem2001new,
title={A new heuristic optimization algorithm: harmony search},
author={Geem, Zong Woo and Kim, Joong Hoon and Loganathan, Gobichettipalayam Vasudevan},
journal={simulation},
volume={76},
number={2},
pages={60--68},
year={2001},
publisher={Sage Publications Sage CA: Thousand Oaks, CA},
}


@article{dorigo2006ant,
title={Ant colony optimization},
author={Dorigo, Marco and Birattari, Mauro and Stutzle, Thomas},
journal={IEEE computational intelligence magazine},
volume={1},
number={4},
pages={28--39},
year={2006},
publisher={IEEE}
}


@article{glover1989tabu,
title={Tabu search—part I},
author={Glover, Fred},
journal={ORSA Journal on computing},
volume={1},
number={3},
pages={190--206},
year={1989},
publisher={INFORMS}
}


@incollection{glover2013tabu,
title={Tabu Search},
author={Glover, Fred and Laguna, Manuel},
booktitle={Handbook of Combinatorial Optimization},
pages={3261--3362},
year={2013},
publisher={Springer}
}


@article{glover1986future,
title={Future paths for integer programming and links to artificial intelligence},
author={Glover, Fred},
journal={Computers \& operations research},
volume={13},
number={5},
pages={533--549},
year={1986},
publisher={Elsevier}
}


@inproceedings{waldock1997brief,
title={A brief history of" Crashworthiness},
author={Waldock, William D},
booktitle={1997 SAFE Association Symposium, Phoenix, AZ},
year={1997}
}


@techreport{clark1987summary,
title={Summary report on the National Transportation Safety Board's general aviation crashworthiness project findings},
author={Clark, John C},
year={1987},
institution={SAE Technical Paper}
}


@techreport{snyder1977civil,
title={Civil Aircraft Restraint Systems: State-of-the-Art Evaluation of Standards, Experimental Data, and Accident Experience},
author={Snyder, Richard G},
year={1977},
institution={SAE Technical Paper}
}


@misc{monocoque,
title = {Ferrari's F310B cockpit},
howpublished = {\url{https://goo.gl/sGxXMN}},
note = {Accessed: 2017-10-19}
}


@misc{faa2014fatalities,
author={{National Transportation Safety Board}},
title = {2014–2015 US Transportation Fatalities},
howpublished = {\url{https://goo.gl/VNAJLt}},
note = {Accessed: 2017-10-19}
}


@article{dowell2001modeling,
title={Modeling of fluid-structure interaction},
author={Dowell, Earl H and Hall, Kenneth C},
journal={Annual Review of Fluid Mechanics},
volume={33},
number={1},
pages={445--490},
year={2001},
publisher={Annual Reviews 4139 El Camino Way, PO Box 10139, Palo Alto, CA 94303-0139, USA}
}


@book{jin2015finite,
title={The finite element method in electromagnetics},
author={Jin, Jian-Ming},
year={2015},
publisher={John Wiley \& Sons}
}


@article{burkhart2013finite,
title={Finite element modeling mesh quality, energy balance and validation methods: A review with recommendations associated with the modeling of bone tissue},
author={Burkhart, Timothy A and Andrews, David M and Dunning, Cynthia E},
journal={Journal of biomechanics},
volume={46},
number={9},
pages={1477--1488},
year={2013},
publisher={Elsevier}
}


@article{plewa2005adaptive,
title={Adaptive mesh refinement-theory and applications},
author={Plewa, Tomasz and Linde, Timur and Weirs, V Gregory},
journal={Lecture notes in computational science and engineering},
volume={41},
pages={3--5},
year={2005},
publisher={Springer}
}


@incollection{belytschko1981partitioned,
title={Partitioned and adaptive algorithms for explicit time integration},
author={Belytschko, T},
booktitle={Nonlinear Finite Element Analysis in Structural Mechanics},
pages={572--584},
year={1981},
publisher={Springer}
}


@article{fasanella2001full,
title={Full-scale crash test and simulation of a composite helicopter},
author={Fasanella, EL and Boitnott, RL and Lyle, KH and Jackson, KE},
journal={International journal of crashworthiness},
volume={6},
number={4},
pages={485--498},
year={2001},
publisher={Taylor \& Francis}
}


@techreport{de1980mechanical,
title={Mechanical analysis of survival in falls from heights of fifty to one hundred and fifty feet},
author={De Haven, Hugh},
year={1980}
}


@techreport{de1952accident,
  doi = {10.4271/520016},
  year = 1952,
  month = {jan},
  publisher = {{SAE} International},
  author = {Hugh De Haven},
  title = {{Accident} {survival} - airplane and passenger car}
}


@article{fasanella2002best,
title={Best practices for crash modeling and simulation},
author={Fasanella, Edwin L and Jackson, Karen E},
year={2002}
}


@article{kindervater1999composite,
title={Composite vehicle structural crashworthiness-A status of design methodology and numerical simulation techniques},
author={Kindervater, CM and Kohlgruber, D and Johnson, Allen},
journal={International Journal of Crashworthiness},
volume={4},
number={2},
pages={213--230},
year={1999},
publisher={Taylor \& Francis}
}


@article{laananen1996analysis,
title={Analysis of energy-absorbing seat configurations for aircraft},
author={Laananen, DH and Winkelman, KL},
journal={International journal of crashworthiness},
volume={1},
number={4},
pages={355--368},
year={1996},
publisher={Taylor \& Francis}
}


@article{eiband1959human,
title={Human tolerance to rapidly applied accelerations: a summary of the literature},
author={Eiband, A Martin},
journal={National Aeronautics and Space Administration (NASA)},
year={1959}
}


@article{williams1983vertical,
title={Vertical drop test of a transport fuselage section located forward of the wing},
author={Williams, M Susan and Hayduk, Robert John},
year={1983}
}


@techreport{jeong1995strain,
title={Strain Fields in Boeing 737 Fuselage Lap Splices. Field and Laboratory Measurements with Analytical Correlations.},
author={Jeong, David Y and Roach, Dennis P and Canha, Joseph V and Brewer, John C and Flournoy, Thomas H},
year={1995},
institution={DTIC Document}
}

@inproceedings{fusheng1996equation,
  title={Equation of state and conductivity of shocked heavy water},
  author={Fusheng, Liu and Xianmong, Chen and Pansen, Chen and Juxing, Chen and Hua, Tan and Qingquan, Gou and Fuqian, Jing},
  booktitle={AIP Conference Proceedings},
  volume={370},
  number={1},
  pages={57--60},
  year={1996},
  organization={AIP}
}

@inproceedings{courchinoux1996dynamic,
  title={Dynamic properties of water: sound velocity and refractive index},
  author={Courchinoux, R and Lalle, P},
  booktitle={AIP Conference Proceedings},
  volume={370},
  number={1},
  pages={61--64},
  year={1996},
  organization={{American Institute of Physics}},
  doi = {10.1063/1.50636 }
}

@article{mccarthy2000finite,
title={Finite element modelling of crash response of composite aerospace sub-floor structures},
author={McCarthy, MA and Harte, CG and Wiggenraad, JFM and Michielsen, ALPJ and Kohlgrueber, D and Kamoulakos, A},
journal={Computational Mechanics},
volume={26},
number={3},
pages={250--258},
year={2000},
publisher={Springer}
}


@article{paz2016crashworthiness,
author={Paz, J. and Romera, L. and D\'{\i{}}az, J.},
title={Crashworthiness optimization of aircraft hybrid energy absorbers enclosing honeycomb and foam structures},
journal={AIAA Journal},
year={2017},
volume={55},
number={2},
pages={652-661},
doi={10.2514/1.J055245}
}


@inproceedings{kindervater2000crash,
title={Crash and impact simulation of aircraft structures-hybrid and FE based approaches},
author={Kindervater, Christof M and Johnson, Alastair F and Kohlgr{\"u}ber, Dieter and L{\"u}tzenburger, Marius and Pentecote, Nathalie},
booktitle={European congress on computational methods in applied sciences and engineering. Barcelona, Spain: ECCOMAS},
year={2000}
}


@book{kay2003failure,
title={Failure modeling of titanium 6AI-4V and aluminum 2024-T3 with the Johnson-Cook material model},
author={Kay, Gregory},
year={2003},
publisher={Office of Aviation Research, Federal Aviation Administration},
doi ={10.2172/15006359 }
}


@inproceedings{brar2009constitutive,
title={Constitutive Model Constants for {Al7075-T651} and {Al7075-T6}},
author={Brar, NS and Joshi, VS and Harris, BW},
booktitle={Shock Compression of Condensed Matter 2009: Proceedings of the American Physical Society Topical Group on Shock Compression of Condensed Matter},
volume={1195},
number={1},
pages={945--948},
year={2009},
organization={AIP Publishing},
doi = {10.1063/1.3295300 }
}


@inproceedings{jackson2002crash,
title={{Crash simulation of vertical drop tests of two Boeing 737 fuselage sections}},
author={Fasanella, Edwin L and Jackson, Karen E},
booktitle={U.S. Army Research Laboratory, Vehicle Technology Center, Langley Research Center},
year={2002},
}


@phdthesis{byar2003crashworthiness,
title={A crashworthiness study of a Boeing 737 fuselage section},
author={Byar, Alan and Tan, Tein-Min},
year={2003},
school={Drexel University Philadelphia, PA}
}


@techreport{abramowitz2002vertical,
title={Vertical drop test of a narrow-body transport fuselage section with overhead stowage bins},
author={Abramowitz, Allan and Smith, Timothy G and Vu, Tong and Zvanya, John R},
year={2002},
institution={SAE Technical Paper}
}


@inproceedings{jackson2001crash,
title={Crash simulation of a vertical drop test of a B737 fuselage section with overhead bins and luggage},
author={Jackson, Karen E and Fasanella, Edwin L},
booktitle={Proceedings of the Third Triennial Aircraft Fire and Cabin Safety Conference, Atlantic City, NJ},
pages={22--25},
year={2001},
organization={Citeseer}
}


@inproceedings{waimer2010kinematics,
title={The kinematics model--a numerical method for the development of a crashworthy composite fuselage design of transport aircraft},
author={Waimer, M and Kohlgr{\"u}ber, D and Hachenberg, D and Voggenreiter, H},
booktitle={Sixth triennial international aircraft fire and cabin safety research conference},
year={2010}
}


@ARTICLE{Fasanella1987274,
author={Fasanella, Edwin L. and Widmayer, E. and Robinson, Martha P.},
title={Structural analysis of the controlled impact demonstration of a jet transport airplane.},
journal={Journal of Aircraft},
year={1987},
volume={24},
number={4},
pages={274-280},
document_type={Article},
}


@article{jackson2004history,
title={A history of full-scale aircraft and rotorcraft crash testing and simulation at NASA Langley Research Center},
author={Jackson, Karen E and Boitnott, Richard L and Fasanella, Edwin L and Jones, Lisa E and Lyle, Karen H},
year={2004}
}


@ARTICLE{Zhao-2011,
AUTHOR    = {Zhao, Liang and Choi, K.K. and Lee, Ikjin},
ISSUE     = {9},
JOURNAL   = {AIAA Journal},
MONTH     = {09},
PAGE      = {2034--2046},
PUBLISHER = {American Institute of Aeronautics and Astronautics},
TITLE     = {Metamodeling Method Using Dynamic Kriging for Design Optimization},
VOLUME    = {49},
YEAR      = {2011},
}


@ARTICLE{Deshpande20001253,
AUTHOR  = {Deshpande, V.S. and Fleck, N.A.},
JOURNAL = {Journal of the Mechanics and Physics of Solids},
NUMBER  = {6},
PAGES   = {1253-1283},
TITLE   = {Isotropic constitutive models for metallic foams},
VOLUME  = {48},
YEAR    = {2000},
doi = {10.1016/s0022-5096(99)00082-4 }
}


@ARTICLE{CidMontoya2015827,
AUTHOR  = {Cid Montoya, M. and Costas, M. and D\'{\i{}}az, J. and Romera, L.E. and Hern\'{a}ndez, S.},
JOURNAL = {Structural and Multidisciplinary Optimization},
NUMBER  = {4},
PAGES   = {827-843},
TITLE   = {A multi-objective reliability-based optimization of the crashworthiness of a {metallic-GFRP} impact absorber using hybrid approximations},
VOLUME  = {52},
YEAR    = {2015},
}


@ARTICLE{Eglajis,
AUTHOR  = {Eglajs, V. and Audre, P.},
JOURNAL = {Problems of Dynamics and Strengths},
PAGES   = {104-107},
TITLE   = {New approach to the design of multifactor experiments},
YEAR    = {1977},
}


@book{Florio,
  title={Airworthiness: An introduction to aircraft certification and operations},
  author={De Florio, Filippo},
  year={2016},
  publisher={Butterworth-Heinemann}
}


@ARTICLE{Paz2015499,
AUTHOR  = {Paz, J. and D\'{\i{}}az, J. and Romera, L. and Costas, M.},
JOURNAL = {Composite Structures},
PAGES   = {499-507},
TITLE   = {Size and shape optimization of aluminum tubes with {GFRP} honeycomb reinforcements for crashworthy aircraft structures},
VOLUME  = {133},
YEAR    = {2015},
doi = {10.1016/j.compstruct.2015.07.077}
}


@ARTICLE{Miller:2011dv,
AUTHOR  = {Miller, W and Smith, C W and Evans, K E},
JOURNAL = {Composite Structures},
NUMBER  = {3},
PAGES   = {1072--1077},
TITLE   = {{Honeycomb cores with enhanced buckling strength}},
VOLUME  = {93},
YEAR    = {2011},
}


@ARTICLE{Xue:2006if,
AUTHOR  = {Xue, Zhenyu and Hutchinson, John W},
JOURNAL = {International Journal for Numerical Methods in Engineering},
NUMBER  = {13},
PAGES   = {2221--2245},
TITLE   = {{Crush dynamics of square honeycomb sandwich cores}},
VOLUME  = {65},
YEAR    = {2006},
}


@ARTICLE{MLS,
AUTHOR  = {Nealen, A.},
JOURNAL = {{Technical report, Discrete Geometric Modeling Group, Technishe Universit\"{a}t, Berlin, Germany}},
TITLE   = {A short-as-possible introduction to the least squares, weighted least squares, and moving least squares methods for scattered data approximation and interpolation.},
YEAR    = {2004},
}


@ARTICLE{Borvik2001685,
AUTHOR  = {B\o{}rvik, T. and Hopperstad, O.S. and Berstad, T.. and Langseth, M.},
JOURNAL = {European Journal of Mechanics, A/Solids},
NUMBER  = {5},
PAGES   = {685-712},
TITLE   = {A computational model of viscoplasticity and ductile damage for impact and penetration},
VOLUME  = {20},
YEAR    = {2001},
}


@ARTICLE{Borvik2010537,
AUTHOR  = {B\o{}rvik, T. and Hopperstad, O.S. and Pedersen, K.O.},
JOURNAL = {International Journal of Impact Engineering},
NUMBER  = {5},
PAGES   = {537-551},
TITLE   = {Quasi-brittle fracture during structural impact of {AA7075-T651} aluminium plates},
VOLUME  = {37},
YEAR    = {2010},
}


@ARTICLE{Adams:2010cy,
AUTHOR  = {Adams, A and Thorbole, C K and Lankarani, H M},
JOURNAL = {International Journal of Crashworthiness},
MONTH   = {03},
NUMBER  = {1},
PAGES   = {71--82},
TITLE   = {{Scale modelling of aircraft fuselage: an innovative approach to evaluate and improve crashworthiness}},
VOLUME  = {15},
YEAR    = {2010},
}


@ARTICLE{Borvik2009,
AUTHOR  = {B{\o{}}rvik, T. and Aunehaugen, H. and Hopperstad, O. S.},
JOURNAL = {International Conference on the Mechanical and Physical Behaviour of Materials under Dynamic Loading},
TITLE   = {Impact behaviour of the high-strength aluminium AA7075-T651},
YEAR    = {2009},
}


@ARTICLE{Shoji20073967,
AUTHOR  = {Shoji, H. and Minegishi, M. and Aoki, T.},
JOURNAL = {Structural Dynamics and Materials Conference},
PAGES   = {3967-3976},
TITLE   = {Impact characteristics estimation of channel section short column under axial impact load},
VOLUME  = {4},
YEAR    = {2007},
doi = {10.2514/6.2007-2023}
}


@ARTICLE{Zheng:2011ji,
AUTHOR  = {Zheng, Jianqiang and Xiang, Jinwu and Luo, Zhangping and Ren, Yiru},
JOURNAL = {International Journal of Crashworthiness},
MONTH   = {09},
NUMBER  = {4},
PAGES   = {375--383},
TITLE   = {{Crashworthiness design of transport aircraft subfloor using polymer foams}},
VOLUME  = {16},
YEAR    = {2011},
}


@ARTICLE{Ren:2011cn,
AUTHOR  = {Ren, Yiru and Xiang, Jinwu},
JOURNAL = {International Journal of Crashworthiness},
MONTH   = {06},
NUMBER  = {3},
PAGES   = {253--262},
TITLE   = {{The crashworthiness of civil aircraft using different quadrangular tubes as cabin-floor struts}},
VOLUME  = {16},
YEAR    = {2011},
doi = {10.1080/13588265.2011.554204}
}


@ARTICLE{Heimbs2011,
AUTHOR  = {Heimbs, S. and Strobl, F. and Middendorf, P.},
JOURNAL = {International Journal of Vehicle Structures and Systems},
TITLE   = {Integration of a composite crash absorber in aircraft fuselage vertical struts},
YEAR    = {2011},
}


@ARTICLE{Vergnolle,
AUTHOR  = {Vergnolle, J.},
JOURNAL = {Aerodynamic Decelerator Systems Technology Conference},
TITLE   = {Soft landing impact attenuation technologies review},
YEAR    = {1995},
}


@ARTICLE{Wiggenraad2,
AUTHOR  = {Wiggenraad, J. F. M. and Santoro, D. and Le Page, F. and Kindervater C. and Manez, H. C.},
JOURNAL = {AHS International Annual Forum},
TITLE   = {Development of a crashworthy composite fuselage concept for a commuter aircraft},
YEAR    = {2001},
}


@ARTICLE{Laurin2005113,
AUTHOR  = {Laurin, F. and Vizzini, A.J.},
JOURNAL = {Journal of Sandwich Structures and Materials},
NUMBER  = {2},
PAGES   = {113-132},
TITLE   = {Energy absorption of sandwich panels with composite-reinforced foam core},
VOLUME  = {7},
YEAR    = {2005},
}


@ARTICLE{Wiggenraad1,
AUTHOR  = {Wiggenraad, J. F. M. and Michielsen, A. and Santoro, D. and Le Page, F. and Kindervater, C. and Beltran, F. and Alkhalil, M.},
JOURNAL = {Air and Space Eur 33},
PAGES   = {228-233},
TITLE   = {Finite element methodologies development to simulate the behaviour of composite fuselage structure and correlation with drop test},
YEAR    = {2001},
doi = {10.1016/s1290-0958(01)90102-9}
}


@ARTICLE{Paz:2014dw,
AUTHOR  = {Paz, J and D\'{\i{}}az, J and Romera, L and Costas, M},
JOURNAL = {Finite Elements in Analysis and Design},
MONTH   = {11},
PAGES   = {30--39},
TITLE   = {{Crushing analysis and multi-objective crashworthiness optimization of {GFRP} honeycomb-filled energy absorption devices}},
VOLUME  = {91},
YEAR    = {2014},
doi = {10.1016/j.finel.2014.07.006}
}


@ARTICLE{Xue2011515,
AUTHOR  = {Xue, P. and Wang, L. and Qiao, C.F.},
JOURNAL = {International Journal of Protective Structures},
NUMBER  = {4},
PAGES   = {515-526},
TITLE   = {Crashworthiness study on fuselage section and struts under cabin floor},
VOLUME  = {2},
YEAR    = {2011},
}


@ARTICLE{Ren2010271,
AUTHOR  = {Ren, Y. and Xiang, J. and Luo, Z. and Zheng, J.},
JOURNAL = {Hangkong Xuebao/Acta Aeronautica et Astronautica Sinica},
NUMBER  = {2},
PAGES   = {271-276},
TITLE   = {Effect of cabin-floor oblique strut on crashworthiness of typical civil aircraft fuselage section},
VOLUME  = {31},
YEAR    = {2010},
}


@ARTICLE{Kindervater,
AUTHOR  = {Kindervater, C. M. and Georgi, H.},
JOURNAL = {Structural Crashworthiness and Failure},
TITLE   = {Composite strength and energy absorption as an aspect of structural crash resistance},
YEAR    = {1993},
}


@CONFERENCE{Arnaudeau,
AUTHOR  = {Arnaudeau, F. and Deletombe, E. and Mahe, M. and Le Page, F.},
JOURNAL = {ASME International Mechanical Engineering Congress & Exposition},
TITLE   = {Crashworthiness of aircraft composites structures},
YEAR    = {2002},
}


@ARTICLE{Anonymous:yMbokhrQ,
AUTHOR = {Fasanella, E. L. and Jackson, K. E. and Sparks, C. E. and Sareen, A. K.},
MONTH  = {11},
PAGES  = {1--15},
TITLE  = {{Water Impact Test and Simulation of a Composite Energy Absorbing Fuselage Section}},
YEAR   = {2011},
}


@ARTICLE{Basti:2013uf,
AUTHOR  = {Heimbs, Sebastian},
JOURNAL = {International Workshop on Hydraulic Equipment and Support Systems for Mining},
TITLE   = {{Energy absorption in aircraft structures}},
YEAR    = {2012},
}


@ARTICLE{Hoermann,
AUTHOR  = {H\"{o}rmann, M. and Stelzmann, U. and McCarthy, M. A. and Xiao, J. R.},
JOURNAL = {International LS-DYNA Users Conference},
MONTH   = {05},
PAGES   = {1--20},
TITLE   = {{Horizontal Tailplane Subjected to Impact Loading}},
YEAR    = {2004},
}


@ARTICLE{Heimbs:2011uv,
AUTHOR  = {Heimbs, S and Mehrens, T and Middendorf, P and Maier, M and Schumacher, A},
JOURNAL = {6th European LS-DYNA Users' Conference},
MONTH   = {02},
PAGES   = {1--14},
TITLE   = {{Numerical Determination of the Nonlinear Effective Mechanical Properties of Folded Core Structures for Aircraft Sandwich Panels}},
YEAR    = {2011},
}


@ARTICLE{Anonymous:zuYvwtHK,
AUTHOR  = {Arnaudeau, F and Mah\'{e}, M and Deletombe, E and Le Page, F},
JOURNAL = {ASME International Mechanical Engineering Congress and Exposition},
PAGES   = {31--40},
TITLE   = {{Crashworthiness of Aircraft Composites Structures (Invited Talk)}},
YEAR    = {2002},
}


@ARTICLE{Jackson:2001dc,
AUTHOR  = {Jackson, Karen E and Fasanella, Edwin L and Kellas, Sotiris},
JOURNAL = {Journal of Aircraft},
MONTH   = {01},
NUMBER  = {1},
PAGES   = {95--103},
TITLE   = {{Development of a Scale Model Composite Fuselage Concept for Improved Crashworthiness}},
VOLUME  = {38},
YEAR    = {2001},
}


@ARTICLE{Hou:2013iy,
AUTHOR  = {Hou, Shujuan and Zhao, Shuyun and Ren, Lili and Han, Xu and Li, Qing},
JOURNAL = {Materials and Design},
MONTH   = {10},
NUMBER  = {C},
PAGES   = {1071--1084},
TITLE   = {{Crashworthiness optimization of corrugated sandwich panels}},
VOLUME  = {51},
YEAR    = {2013},
}


@ARTICLE{Guo:2012ex,
AUTHOR  = {Guo, Yijing and Jia, Pinghui and Hong, Guanxin},
JOURNAL = {Procedia - Social and Behavioral Sciences},
PAGES   = {674--679},
TITLE   = {{Research on Bird Strike Simulation of Composite Leading Edge}},
VOLUME  = {3},
YEAR    = {2012},
}


@ARTICLE{Fasanella,
AUTHOR  = {Fasanella,E. L. and Jackson,K. E. and Lyle,K. H. and Sparks,C. E. and Sareen,A. K.},
JOURNAL = {Journal of the American Helicopter Society},
NUMBER  = {2},
TITLE   = {Multi-terrain impact tests and simulations of an energy absorbing fuselage section},
VOLUME  = {52},
YEAR    = {2007},
doi = {10.4050/jahs.52.159 }
}


@CONFERENCE{Wittlin19971138,
AUTHOR  = {Wittlin, G. and Smith, M. and Sareen, A. and Richards, M.},
JOURNAL = {Annual Forum Proceedings - American Helicopter Society},
PAGES   = {1138-1150},
TITLE   = {Airframe water impact analysis using a combined MSC/DYTRAN - DRI/KRASH approach},
VOLUME  = {2},
YEAR    = {1997},
}


@ARTICLE{Lyle2002233,
AUTHOR  = {Lyle, K.H. and Bark, L.W. and Jackson, K.E.},
JOURNAL = {Journal of the American Helicopter Society},
NUMBER  = {4},
PAGES   = {233-242},
TITLE   = {Evaluation of test/analysis correlation methods for crash applications},
VOLUME  = {47},
YEAR    = {2002},
}


@ARTICLE{Jackson1997116,
AUTHOR  = {Jackson, K.E.},
JOURNAL = {Journal of the American Helicopter Society},
NUMBER  = {2},
PAGES   = {116-125},
TITLE   = {Analytical crash simulation of three composite fuselage concepts and experimental correlation},
VOLUME  = {42},
YEAR    = {1997},
}


@CONFERENCE{Jackson1998350,
AUTHOR  = {Jackson, Karen E. and Fasanella, Edwin L.},
JOURNAL = {Annual Forum Proceedings - American Helicopter Society},
PAGES   = {350-361},
TITLE   = {Innovative composite fuselage design for improved crashworthiness},
VOLUME  = {1},
YEAR    = {1998},
}


@ARTICLE{Bi2010698,
AUTHOR  = {Bi, J. and Fang, H. and Wang, Q. and Ren, X.},
JOURNAL = {Finite Elements in Analysis and Design},
NUMBER  = {9},
PAGES   = {698-709},
TITLE   = {Modeling and optimization of foam-filled thin-walled columns for crashworthiness designs},
VOLUME  = {46},
YEAR    = {2010},
doi = {10.1016/j.finel.2010.03.008 }
}


@ARTICLE{Costas2013166,
AUTHOR  = {Costas, M. and D\'{\i{}}az, J. and Romera, L.E. and Hern\'{a}ndez, S. and Tielas, A.},
JOURNAL = {International Journal of Impact Engineering},
PAGES   = {166-181},
TITLE   = {Static and dynamic axial crushing analysis of car frontal impact hybrid absorbers},
VOLUME  = {62},
YEAR    = {2013},
doi = {10.1016/j.ijimpeng.2013.06.011 }
}


@ARTICLE{Abramowicz1997415,
AUTHOR  = {Abramowicz, W. and Jones, N.},
JOURNAL = {International Journal of Impact Engineering},
NUMBER  = {5-6},
PAGES   = {415-437},
TITLE   = {Transition from initial global bending to progressive buckling of tubes loaded statically and dynamically},
VOLUME  = {19},
YEAR    = {1997},
}


@PHDTHESIS{Garattoni2011,
AUTHOR = {Garattoni, F.},
SCHOOL = {Universit\'{a} di Bologna},
TITLE  = {Crashworthiness and composite materials: development of an experimental test method for the energy absorption determination and implementation of the relative numerical model},
YEAR   = {2011},
}


@ARTICLE{Gibson1981,
__markedentry = {[mcostas:]},
AUTHOR        = {Gibson, L.J. and Easterling, K.E. and Ashby, M.F.A.},
JOURNAL       = {Proceedings of The Royal Society of London, Series A: Mathematical and Physical Sciences},
NUMBER        = {1769},
PAGES         = {99-117},
TITLE         = {The structure and mechanics of cork},
VOLUME        = {377},
YEAR          = {1981},
}


@ARTICLE{Hanssen1999967,
AUTHOR  = {Hanssen, A.G. and Langseth, M. and Hopperstad, O.S.},
JOURNAL = {International Journal of Mechanical Sciences},
NUMBER  = {4},
PAGES   = {475-570},
TITLE   = {Static and dynamic crushing of circular aluminium extrusions with aluminium foam filler},
VOLUME  = {24},
YEAR    = {2000},
}


@ARTICLE{Harte200031,
AUTHOR  = {Harte, A.-M. and Fleck, N.A. and Ashby, M.F.},
JOURNAL = {European Journal of Mechanics, A/Solids},
NUMBER  = {1},
PAGES   = {31-50},
TITLE   = {Energy absorption of foam-filled circular tubes with braided composite walls},
VOLUME  = {19},
YEAR    = {2000},
}


@ARTICLE{Hashin1981846,
AUTHOR  = {Hashin, Z.},
JOURNAL = {Journal of Applied Mechanics, Transactions ASME},
NUMBER  = {4},
PAGES   = {846-852},
TITLE   = {FATIGUE FAILURE CRITERIA FOR UNIDIRECTIONAL FIBER COMPOSITES.},
VOLUME  = {48},
YEAR    = {1981},
}


@ARTICLE{Haszin1980329,
AUTHOR  = {Haszin, Z.},
JOURNAL = {Journal of Applied Mechanics, Transactions ASME},
NUMBER  = {2},
PAGES   = {329-334},
TITLE   = {FAILURE CRITERIA FOR UNIDIRECTIONAL FIBER COMPOSITES.},
VOLUME  = {47},
YEAR    = {1980},
}


@ARTICLE{Hong201210,
AUTHOR  = {Hong, W. and Jin, F. and Zhou, J. and Xia, Z. and Xu, Y. and Yang, L. and Zheng, Q. and Fan, H.},
JOURNAL = {Thin-Walled Structures},
PAGES   = {10-17},
TITLE   = {Quasi-static axial compression of triangular steel tubes},
VOLUME  = {62},
YEAR    = {2012},
}


@ARTICLE{Huang2009222,
AUTHOR  = {Huang, J. and Wang, X.},
JOURNAL = {Composite Structures},
NUMBER  = {2},
PAGES   = {222-228},
TITLE   = {Numerical and experimental investigations on the axial crushing response of composite tubes},
VOLUME  = {91},
YEAR    = {2009},
}


@ARTICLE{Huang20101,
AUTHOR  = {Huang, M.Y. and Tai, Y.-S. and Hu, H.T.},
JOURNAL = {Applied Composite Materials},
PAGES   = {1-19},
TITLE   = {Numerical Study on Hybrid Tubes Subjected to Static and Dynamic Loading},
YEAR    = {2010},
}


@ARTICLE{Israr2013357,
AUTHOR  = {Israr, H.A. and Rivallant, S. and Barrau, J.J.},
JOURNAL = {Composite Structures},
PAGES   = {357-364},
TITLE   = {Experimental investigation on mean crushing stress characterization of carbon-epoxy plies under compressive crushing mode},
VOLUME  = {96},
YEAR    = {2013},
}


@ARTICLE{Jacob20043218,
AUTHOR  = {Jacob, G.C. and Fellers, J.F. and Starbuck, J.M. and Simunovic, S.},
JOURNAL = {Journal of Applied Polymer Science},
NUMBER  = {5},
PAGES   = {3218-3225},
TITLE   = {Crashworthiness of automotive composite material systems},
VOLUME  = {92},
YEAR    = {2004},
}


@ARTICLE{Jia20131336,
AUTHOR  = {Jia, X. and Chen, G. and Yu, Y. and Li, G. and Zhu, J. and Luo, X. and Duan, C. and Yang, X. and Hui, D.},
JOURNAL = {Composites Part B: Engineering},
NUMBER  = {1},
PAGES   = {1336-1343},
TITLE   = {Effect of geometric factor, winding angle and pre-crack angle on quasi-static crushing behavior of filament wound {CFRP} cylinder},
VOLUME  = {45},
YEAR    = {2013},
doi = {10.1016/j.compositesb.2012.09.060}
}


@ARTICLE{Johnson2012638,
AUTHOR  = {Johnson, A.F. and David, M.},
JOURNAL = {Key Engineering Materials},
PAGES   = {638-641},
TITLE   = {Failure mechanisms and energy absorption in composite elements under axial crush},
VOLUME  = {488-489},
YEAR    = {2012},
}


@ARTICLE{Jose,
AUTHOR  = {Jose, S. and Kuma, K. and Jana, M.K. and Rao, G.V.},
JOURNAL = {Composites Science and Technology},
NUMBER  = {8},
PAGES   = {1115-1122},
TITLE   = {Interlaminar fracture toughness of a cross-ply laminate and its constituent sub-laminates},
VOLUME  = {61},
YEAR    = {2001},
}


@ARTICLE{Kazanc201280,
AUTHOR  = {Kazanc, Z. and Bathe, K.-J.},
JOURNAL = {International Journal of Impact Engineering},
PAGES   = {80-88},
TITLE   = {Crushing and crashing of tubes with implicit time integration},
VOLUME  = {42},
YEAR    = {2012},
}


@ARTICLE{Kecman1983623,
AUTHOR  = {Kecman, D.},
JOURNAL = {International Journal of Mechanical Sciences},
NUMBER  = {9-10},
PAGES   = {623-636},
TITLE   = {Bending collapse of rectangular and square section tubes},
VOLUME  = {25},
YEAR    = {1983},
}


@ARTICLE{Liu20081329,
AUTHOR  = {Liu, Y.},
JOURNAL = {Thin-Walled Structures},
NUMBER  = {12},
PAGES   = {1329-1337},
TITLE   = {Crashworthiness design of multi-corner thin-walled columns},
VOLUME  = {46},
YEAR    = {2008},
}


@techreport{euroncap,
AUTHOR       = {{European New Car Assessment Programme (Euro NCAP)}},
INSTITUTION  = {{European New Car Assessment Programme (Euro NCAP)}},
MONTH        = {10},
ORGANIZATION = {{European New Car Assessment Programme (Euro NCAP)}},
TITLE        = {Frontal Impact Testing Protocol, Version 6.0.2},
YEAR         = {2013},
}

@Book{Holland1992,
  title         = {{Adaptation in Natural and Artificial Systems: An Introductory Analysis with Applications to Biology, Control, and Artificial Intelligence}},
  publisher     = {MIT press},
  year          = {1992},
  author        = {Holland, John H},
  month         = {04},
  isbn          = {0262581116},
  abstract      = {Genetic algorithms are playing an increasingly important role in studies of complex adaptive systems, ranging from adaptive agents in economic theory to the use of machine learning techniques in the design of complex devices such as aircraft turbines and integrated circuits. Adaptation in Natural and Artificial Systems is the book that initiated this field of study, presenting the theoretical foundations and exploring applications.In its most familiar form, adaptation is a biological process, whereby organisms evolve by rearranging genetic material to survive in environments confronting them. In this now classic work, Holland presents a mathematical model that allows for the nonlinearity of such complex interactions. He demonstrates the model's universality by applying it to economics, physiological psychology, game theory, and artificial intelligence and then outlines the way in which this approach modifies the traditional views of mathematical genetics.Initially applying his concepts to simply defined artificial systems with limited numbers of parameters, Holland goes on to explore their use in the study of a wide range of complex, naturally occuring processes, concentrating on systems having multiple factors that interact in nonlinear ways. Along the way he accounts for major effects of coadaptation and coevolution: the emergence of building blocks, or schemata, that are recombined and passed on to succeeding generations to provide, innovations and improvements.John H. Holland is Professor of Psychology and Professor of Electrical Engineering and Computer Science at the University of Michigan. He is also Maxwell Professor at the Santa Fe Institute and is Director of the University of Michigan/Santa Fe Institute Advanced Research Program.},
  date-added    = {2012-03-31T21:31:29GMT},
  date-modified = {2014-01-06T00:30:13GMT},
  file          = {{Adaptation in Natural and Artificial Systems An Introductory Analysis with Applications to Biology Control and Artificial Intelligence_Holland_1992.pdf:/Volumes/Datos/Documents/papers/Books/1992/Holland/Adaptation in Natural and Artificial Systems An Introductory Analysis with Applications to Biology Control and Artificial Intelligence_Holland_1992.pdf:application/pdf}},
  keywords      = {optimization.metaheuristic},
  language      = {English},
  rating        = {0},
  uri           = {\url{papers2://publication/uuid/5557BC73-12F6-4ED9-9068-C3A5510DD6C2}},
}


@ARTICLE{Zitzler1999257,
author={Zitzler, E. and Thiele, L.},
title={Multiobjective evolutionary algorithms: A comparative case study and the strength Pareto approach},
journal={IEEE Transactions on Evolutionary Computation},
year={1999},
volume={3},
number={4},
pages={257-271},
document_type={Article},
source={Scopus},
}


@article{congreso.chiqui,
title={Crashworthiness response of honeycomb metallic-GFRP energy absorption devices},
author={Romera, L and Paz, J and Costas, M and D{\i}az, J and Hernandez, S},
journal={High Performance and Optimum Design of Structures and Materials. Ostend, Belgium.},
volume={137},
pages={225},
year={2014},
publisher={WIT Press}
}


@article{congreso.jacobo,
author={ D\'iaz, J. and Costas, M. and Romera, L. and Paz, J. and  Hern\'andez, S.},
title={Surrogate-based multi-objective optimization of glass-fiber-steel crash absorbers},
journal={High Performance and Optimum Design of Structures and Materials. Ostend, Belgium.},
volume={137},
pages={225},
year={2014},
publisher={WIT Press}
}


@article{Mendez20101621,
title = {Evolution of the crashworthiness and aggressivity of the Spanish car fleet },
journal = {Accident Analysis and Prevention},
volume = {42},
pages = {1621 - 1631},
year = {2010},
author = {Álvaro Gómez Méndez and Francisco Aparicio Izquierdo and Blanca Arenas Ramírez},
}


@article{Delaney,
title = {An investigation of historical improvement in vehicle safety performance by model series using German crash data},
journal = {Car Occupant and Fleet Effects. SARAC II. Report of Sub-Task 3.3},
year = {2005},
author = {Delaney, A. and Newstead, S. and Cameron, M.},
}


@ARTICLE{Jansson2003129,
author={Jansson, T. and Nilsson, L. and Redhe, M.},
title={Using surrogate models and response surfaces in structural optimization - With application to crashworthiness design and sheet metal forming},
journal={Structural and Multidisciplinary Optimization},
year={2003},
volume={25},
number={2},
pages={129-140},
document_type={Article},
source={Scopus},
}


@ARTICLE{SBO,
author={Costas, M. and Díaz, J. and Romera, L. and Hernández, S.},
title={A multi-objective surrogate-based optimization of the crashworthiness of a hybrid impact absorber},
journal={International Journal of Mechanical Sciences},
year={2014},
volume={88},
pages={46-54},
}

@Article{Costas2013,
  author        = {Costas, M. and Díaz, J. and Romera, L.E. and Hernández, S. and Tielas, A.},
  title         = {Static and dynamic axial crushing analysis of car frontal impact hybrid absorbers},
  journal       = {International Journal of Impact Engineering},
  year          = {2013},
  volume        = {62},
  pages         = {166-181},
  date-modified = {2014-01-13 12:43:48 +0000},
  document_type = {Article},
  source        = {Scopus},
}

@Article{Abramowicz1986,
  author        = {Abramowicz, W. and Jones, N.},
  title         = {Dynamic progressive buckling of circular and square tubes},
  journal       = {International Journal of Impact Engineering},
  year          = {1986},
  volume        = {4},
  number        = {4},
  pages         = {243-270},
  document_type = {Article},
  owner         = {jpaz},
  source        = {Scopus},
  timestamp     = {2013.01.23},
}


@article{Abramowicz1984179,
Author = {Abramowicz, W. and Jones, N.},
Document_Type = {Article},
Journal = {International Journal of Impact Engineering},
Number = {2},
Owner = {mcostas},
Pages = {179-208},
Source = {Scopus},
Timestamp = {2013.01.23},
Title = {Dynamic axial crushing of square tubes},
Volume = {2},
Year = {1984}
}

@Article{Abramowicz1989,
  author        = {Abramowicz, W. and Wierzbicki, T.},
  title         = {Axial crushing of multicorner sheet metal columns},
  journal       = {Journal of Applied Mechanics, Transactions ASME},
  year          = {1989},
  volume        = {56},
  number        = {1},
  pages         = {113-120},
  document_type = {Article},
  owner         = {jpaz},
  source        = {Scopus},
  timestamp     = {2013.01.23},
}

@Article{Andrews1983,
  author        = {Andrews, K.R.F. and England, G.L. and Ghani, E.},
  title         = {Classification of the axial collapse of cylindrical tubes under quasi-static loading},
  journal       = {International Journal of Mechanical Sciences},
  year          = {1983},
  volume        = {25},
  number        = {9-10},
  pages         = {687-696},
  document_type = {Article},
  owner         = {jpaz},
  source        = {Scopus},
  timestamp     = {2013.01.23},
}

@Article{Hanssen2000,
  author        = {Hanssen, A.G. and Langseth, M. and Hopperstad, O.S.},
  title         = {Static and dynamic crushing of square aluminium extrusions with aluminium foam filler},
  journal       = {International Journal of Mechanical Sciences},
  year          = {2000},
  volume        = {24},
  number        = {4},
  pages         = {347-383},
  document_type = {Article},
  owner         = {jpaz},
  source        = {Scopus},
  timestamp     = {2013.01.23},
}

@Article{Santosa2000,
  author  = {Santosa, S. P. and Wierzbicki, T. and Hanssen, A. G. and Langseth, M},
  title   = {Experimental and numerical studies of foam-filled sections},
  journal = {International Journal of Impact Engineering},
  year    = {2000},
  volume  = {24},
  number  = {5},
  pages   = {509-534},
}

@Article{Seitzberger2000,
  author        = {Seitzberger, M. and Rammerstorfer, F.G. and Gradinger, R. and Degischer, H.P. and Blaimschein, M. and Walch, C.},
  title         = {Experimental studies on the quasi-static axial crushing of steel columns filled with aluminium foam},
  journal       = {International Journal of Solids and Structures},
  year          = {2000},
  volume        = {37},
  number        = {30},
  pages         = {4125-4147},
  document_type = {Article},
  owner         = {jpaz},
  source        = {Scopus},
  timestamp     = {2013.01.23},
}


@techreport{FITSA,
title = {{Bar\'ometro de Seguridad Vehicular del Parque de Automoci\'on}},
organization = {Fundaci\'on FITSA},
institution = {Fundaci\'on FITSA},
year = {2007}
}


@techreport{EurComission,
title = {{Monitoring the $CO_2$ emissions from cars in the EU}},
organization = {European Commission},
institution = {European Commission},
year = {Several Years},
}


@techreport{WHO,
title = {{Global Status Report on Road Safety. Supporting a decade of action}},
organization = {World Health Organization},
institution = {World Health Organization},
year = {2013},
}

@Article{gameiro2007dynamic,
  author        = {Gameiro, Celina Pires and Cirne, Jose and Miranda, Victor and Pinho-da-Cruz, Joaquim and Teixeira-Dias, Filipe},
  title         = {Dynamic behaviour of cork and cork-filled aluminium tubes: Numerical simulation and innovative applications},
  journal       = {Holzforschung},
  year          = {2007},
  volume        = {61},
  number        = {4},
  pages         = {400--405},
  document_type = {Conference Paper},
  owner         = {jpaz},
  source        = {Scopus},
  timestamp     = {2012.02.20},
  doi = {10.1515/hf.2007.051 },
}

@Article{abramowicz1986dynamic,
  author    = {Abramowicz, Wlodzimierz and Jones, Norman},
  title     = {Dynamic progressive buckling of circular and square tubes},
  journal   = {International Journal of Impact Engineering},
  year      = {1986},
  volume    = {4},
  number    = {4},
  pages     = {243--270},
  publisher = {Elsevier},
}

@Article{postlethwaite1970use,
  author    = {Postlethwaite, HE and Mills, B},
  title     = {Use of collapsible structural elements as impact isolators, with special references to automotive applications},
  journal   = {Journal of strain analysis},
  year      = {1970},
  volume    = {5},
  number    = {1},
  pages     = {58--73},
  publisher = {SAGE Publications Sage UK: London, England},
}

@Article{abramowicz1989axial,
  author    = {Abramowicz, W and Wierzbicki, T},
  title     = {Axial crushing of multicorner sheet metal columns},
  journal   = {Journal of Applied Mechanics},
  year      = {1989},
  volume    = {56},
  number    = {1},
  pages     = {113--120},
  publisher = {American Society of Mechanical Engineers},
}

@Article{andrews1983classification,
  author    = {Andrews, KRF and England, GL and Ghani, E},
  title     = {Classification of the axial collapse of cylindrical tubes under quasi-static loading},
  journal   = {International Journal of Mechanical Sciences},
  year      = {1983},
  volume    = {25},
  number    = {9-10},
  pages     = {687--696},
  publisher = {Elsevier},
}

@techreport{obergefell1988articulated,
  title={Articulated Total Body Model Enhancements. Volume 2. User's Guide},
  author={Obergefell, Louise A and Gardner, Thomas R and Kaleps, Ints and Fleck, John T},
  year={1988},
  institution={HARRY G ARMSTRONG AEROSPACE MEDICAL RESEARCH LAB WRIGHT-PATTERSON AFB OH}
}

@Article{wierzbicki1983crushing,
  author    = {Wierzbicki, Tomasz and Abramowicz, Wlodzimierz},
  title     = {On the crushing mechanics of thin-walled structures},
  journal   = {Journal of Applied mechanics},
  year      = {1983},
  volume    = {50},
  number    = {4a},
  pages     = {727--734},
  publisher = {American Society of Mechanical Engineers},
}

@Article{seitzberger2000experimental,
  author    = {Seitzberger, Markus and Rammerstorfer, Franz G and Gradinger, R and Degischer, HP and Blaimschein, M and Walch, Ch},
  title     = {Experimental studies on the quasi-static axial crushing of steel columns filled with aluminium foam},
  journal   = {International Journal of Solids and Structures},
  year      = {2000},
  volume    = {37},
  number    = {30},
  pages     = {4125--4147},
  publisher = {Elsevier},
}

@Book{siromani2013crashworthy,
  title     = {Crashworthy design and analysis of aircraft structures},
  publisher = {Drexel University},
  year      = {2013},
  author    = {Siromani, Deepak},
}

@TechReport{TSAR2010,
  author      = {{Research and Innovative Technology Administration, Bureau of Transportation Statistics}},
  title       = {Transportation Statistics Annual Report 2010},
  institution = {U.S. Department of Transportation, Washington DC},
  year        = {2011},
}

@Article{Krige1951,
  author  = {Krige, D. G.},
  title   = {A statistical approach to some basic mine valuation problems on the Witwatersrand},
  journal = {Journal of the Chemical, Metallurgical and Mining Engineering Society of South Africa},
  year    = {1951},
  number  = {52(6)},
  pages   = {119-139},
  month   = {12},
}

@Book{Holland:1992vg,
  title     = {{Adaptation in Natural and Artificial Systems: An Introductory Analysis with Applications to Biology, Control, and Artificial Intelligence}},
  publisher = {MIT press},
  year      = {1992},
  author    = {Holland, John H},
  month     = {04},
}

@Book{mitchell1998introduction,
  title     = {An introduction to genetic algorithms},
  publisher = {MIT press},
  year      = {1998},
  author    = {Mitchell, Melanie},
}

@Book{Wahde:2008ui,
  title         = {{Biologically Inspired Optimization Methods: An Introduction}},
  publisher     = {WIT Press},
  year          = {2008},
  author        = {Wahde, Mattias},
  month         = {07},
  date-added    = {2011-03-31T22:17:30GMT},
  date-modified = {2014-01-06T00:30:13GMT},
  file          = {{Biologically Inspired Optimization Methods An Introduction_Wahde_2008.pdf:/Volumes/Datos/Documents/papers/Books/2008/Wahde/Biologically Inspired Optimization Methods An Introduction_Wahde_2008.pdf:application/pdf}},
  keywords      = {optimization, optimization.metaheuristic},
  language      = {English},
  local-url     = {file://localhost/Volumes/Datos/Documents/papers/Books/2008/Wahde/Biologically%20Inspired%20Optimization%20Methods%20An%20Introduction_Wahde_2008.pdf},
  rating        = {0},
  uri           = {\url{papers2://publication/uuid/C2B14590-9909-4C7E-935A-2972F5CB4079}},
  url           = {http://gen.lib.rus.ec/search?req=Biologically+Inspired+Optimization+Methods&nametype=orig&column%5B%5D=title&column%5B%5D=author},
}

@Article{FAR23,
  title   = {Airworthiness Standards: Transport Category Airplanes},
  journal = {{Title 14, Federal Aviation Administration Code of Federal Regulations, Part 23, Washington D. C.}},
  year    = {2012},
}

@Article{adams2003modern,
  author    = {Adams, A and Lankarani, HM},
  title     = {A modern aerospace modeling approach for evaluation of aircraft fuselage crashworthiness},
  journal   = {International journal of crashworthiness},
  year      = {2003},
  volume    = {8},
  number    = {4},
  pages     = {401--413},
  publisher = {Taylor \& Francis},
}

@Article{Hanssen2000347,
  author  = {Hanssen, A.G. and Langseth, M. and Hopperstad, O.S.},
  title   = {Static and dynamic crushing of square aluminum extrusions with aluminum foam filler},
  journal = {International Journal of Impact Engineering},
  year    = {2000},
  volume  = {24},
  number  = {4},
  pages   = {347-383},
  doi = {10.1016/s0734-743x(99)00169-4 }
}

@Article{Santosa2000509,
  author  = {Santosa, S.P. and Wierzbicki, T. and Hanssen, A.G. and Langseth, M.},
  title   = {Experimental and numerical studies of foam-filled sections},
  journal = {International Journal of Impact Engineering},
  year    = {2000},
  volume  = {24},
  number  = {5},
  pages   = {509-534},
}

@Article{Meng:2009fta,
  author  = {Meng, F X and Zhou, Q and Yang, J L},
  title   = {{Improvement of crashworthiness behaviour for simplified structural models of aircraft fuselage}},
  journal = {International Journal of Crashworthiness},
  year    = {2009},
  volume  = {14},
  number  = {1},
  pages   = {83--97},
  month   = {02},
}

@Article{Zou:2012da,
  author  = {Zou, Tianchun and Mou, Haolei and Feng, Zhenyu},
  title   = {{Research on Effects of Oblique Struts on Crashworthiness of Composite Fuselage Sections}},
  journal = {Journal of Aircraft},
  year    = {2012},
  volume  = {49},
  number  = {6},
  pages   = {2059--2063},
  month   = {11},
  doi = {10.2514/1.c031867}
}

@Article{Woodson,
  author  = {Woodson, M. B. and Johnson, E. R. and Haftka, R. T.},
  title   = {Optimal design of composite fuselage frames for crashworthiness},
  journal = {International Journal of Crashworthiness},
  year    = {1996},
  volume  = {1},
  number  = {4},
  pages   = {369--380},
  month   = {01},
  doi = {10.1533/cras.1996.0027}
}

@Article{Saito20062226,
  author        = {Saito, H. and Kimpara, I.},
  title         = {Evaluation of impact damage mechanism of multi-axial stitched {CFRP} laminate},
  journal       = {Composites Part A: Applied Science and Manufacturing},
  year          = {2006},
  volume        = {37},
  number        = {12},
  pages         = {2226-2235},
  document_type = {Article},
  source        = {Scopus},
  doi = {10.1016/j.compositesa.2005.12.031 }
}

@Article{Hamada1997226,
  author        = {Hamada, H. and Ramakrishna, S.},
  title         = {A {FEM} method for prediction of energy absorption capability of crashworthy polymer composite materials},
  journal       = {Journal of Reinforced Plastics and Composites},
  year          = {1997},
  volume        = {16},
  number        = {3},
  pages         = {226-242},
  document_type = {Article},
  source        = {Scopus},
  doi = {10.1177/073168449701600303 }
}

@Article{Friedman1995197,
  author        = {Friedman, J.H. and Roosen, C.B.},
  title         = {An introduction to multivariate adaptive regression splines.},
  journal       = {Statistical methods in medical research},
  year          = {1995},
  volume        = {4},
  number        = {3},
  pages         = {197-217},
  document_type = {Article},
  source        = {Scopus},
}

@Article{Gu20131,
  author        = {Gu, X. and Sun, G. and Li, G. and Mao, L. and Li, Q.},
  title         = {A Comparative study on multiobjective reliable and robust optimization for crashworthiness design of vehicle structure},
  journal       = {Structural and Multidisciplinary Optimization},
  year          = {2013},
  pages         = {1-16},
  document_type = {Article in Press},
  source        = {Scopus},
}

@Article{Hou2007555,
  author        = {Hou, S. and Li, Q. and Long, S. and Yang, X. and Li, W.},
  title         = {Design optimization of regular hexagonal thin-walled columns with crashworthiness criteria},
  journal       = {Finite Elements in Analysis and Design},
  year          = {2007},
  volume        = {43},
  number        = {6-7},
  pages         = {555-565},
  document_type = {Article},
  source        = {Scopus},
}

@Article{Sobieszczanski-Sobieski2001295,
  author        = {Sobieszczanski-Sobieski, J. and Kodiyalam, S. and Yang, R.Y.},
  title         = {Optimization of car body under constraints of noise, vibration, and harshness ({NVH}), and crash},
  journal       = {Structural and Multidisciplinary Optimization},
  year          = {2001},
  volume        = {22},
  number        = {4},
  pages         = {295-306},
  document_type = {Article},
  source        = {Scopus},
}

@Article{Marklund2001383,
  author        = {Marklund, P.O. and Nilsson, L.},
  title         = {Optimization of a car body component subjected to side impact},
  journal       = {Structural and Multidisciplinary Optimization},
  year          = {2001},
  volume        = {21},
  number        = {5},
  pages         = {383-392},
  document_type = {Article},
  source        = {Scopus},
}

@Article{Yamazaki199837,
  author        = {Yamazaki, K. and Han, J.},
  title         = {Maximization of the crushing energy absorption of tubes},
  journal       = {Structural Optimization},
  year          = {1998},
  volume        = {16},
  number        = {1},
  pages         = {37-46},
  document_type = {Article},
  source        = {Scopus},
}

@Article{Madayag1973,
  author        = {Madayag, A.F.},
  title         = {{FAA} general aviation crashworthiness program},
  journal       = {SAE Technical Papers},
  year          = {1973},
  document_type = {Conference Paper},
}

@Article{Pugsley19791,
  author        = {Pugsley, A.G.},
  title         = {On the crumpling of thin tubular struts},
  journal       = {Quarterly Journal of Mechanics and Applied Mathematics},
  year          = {1979},
  volume        = {32},
  number        = {1},
  pages         = {1-7},
  date-modified = {2014-01-13 12:43:48 +0000},
  document_type = {Article},
  source        = {Scopus},
}

@Article{AlaviNia20101216,
  author        = {Alavi Nia, A. and Sadeghi, M.Z.},
  title         = {The effects of foam filling on compressive response of hexagonal cell aluminum honeycombs under axial loading-experimental study},
  journal       = {Materials and Design},
  year          = {2010},
  volume        = {31},
  number        = {3},
  pages         = {1216-1230},
  date-modified = {2014-01-13 12:43:48 +0000},
  document_type = {Article},
  source        = {Scopus},
}

@Article{Yin2011863,
  author        = {Yin, H. and Wen, G. and Gan, N.},
  title         = {Crashworthiness design for honeycomb structures under axial dynamic loading},
  journal       = {International Journal of Computational Methods},
  year          = {2011},
  volume        = {8},
  number        = {4},
  pages         = {863-877},
  date-modified = {2014-01-13 12:43:48 +0000},
  document_type = {Article},
  source        = {Scopus},
}

@Article{Zarei2008193,
  author        = {Zarei, H. and Kr\"{o}ger, M.},
  title         = {Optimum honeycomb filled crash absorber design},
  journal       = {Materials and Design},
  year          = {2008},
  volume        = {29},
  number        = {1},
  pages         = {193-204},
  date-modified = {2014-01-13 12:43:48 +0000},
  document_type = {Article},
  source        = {Scopus},
}

@Article{Aktay20082616,
  author        = {Aktay, L. and Johnson, A.F. and Kr\"{o}plin, B.-H.},
  title         = {Numerical modelling of honeycomb core crush behaviour},
  journal       = {Engineering Fracture Mechanics},
  year          = {2008},
  volume        = {75},
  number        = {9},
  pages         = {2616-2630},
  date-modified = {2014-01-13 12:43:48 +0000},
  document_type = {Article},
  source        = {Scopus},
}

@Article{Yin20114449,
  author        = {Yin, H. and Wen, G. and Hou, S. and Chen, K.},
  title         = {Crushing analysis and multiobjective crashworthiness optimization of honeycomb-filled single and bitubular polygonal tubes},
  journal       = {Materials and Design},
  year          = {2011},
  volume        = {32},
  number        = {8-9},
  pages         = {4449-4460},
  date-modified = {2014-01-13 12:43:48 +0000},
  document_type = {Article},
  source        = {Scopus},
}

@Article{Li2011411,
  author        = {Li, M. and Deng, Z. and Liu, R. and Guo, H.},
  title         = {Crashworthiness design optimisation of metal honeycomb energy absorber used in lunar lander},
  journal       = {International Journal of Crashworthiness},
  year          = {2011},
  volume        = {16},
  number        = {4},
  pages         = {411-419},
  date-modified = {2014-01-13 12:43:48 +0000},
  document_type = {Article},
  source        = {Scopus},
}

@Article{Schultz2012,
  author        = {Schultz, J. and Griese, D. and Ju, J. and Shankar, P. and Summers, J.D. and Thompson, L.},
  title         = {Design of honeycomb mesostructures for crushing energy absorption},
  journal       = {Journal of Mechanical Design, Transactions of the ASME},
  year          = {2012},
  volume        = {134},
  number        = {7},
  art_number    = {071004},
  date-modified = {2014-01-13 12:43:48 +0000},
  document_type = {Article},
  source        = {Scopus},
}

@Article{Zarei2007255,
  author        = {Zarei, H.R. and Kr\"{o}ger, M.},
  title         = {Crashworthiness optimization of empty and filled aluminum crash boxes},
  journal       = {International Journal of Crashworthiness},
  year          = {2007},
  volume        = {12},
  number        = {3},
  pages         = {255-264},
  date-modified = {2014-01-13 12:43:48 +0000},
  document_type = {Article},
  source        = {Scopus},
}

@Article{Sun2010500,
  author        = {Sun, G. and Li, G. and Stone, M. and Li, Q.},
  title         = {A two-stage multi-fidelity optimization procedure for honeycomb-type cellular materials},
  journal       = {Computational Materials Science},
  year          = {2010},
  volume        = {49},
  number        = {3},
  pages         = {500-511},
  date-modified = {2014-01-13 12:43:48 +0000},
  document_type = {Article},
  source        = {Scopus},
  doi = {10.1016/j.commatsci.2010.05.041 }
}

@Article{Singace19963517,
  author        = {Singace, A.A. and Elsobky, H.},
  title         = {Further experimental investigation on the eccentricity factor in the progressive crushing of tubes},
  journal       = {International Journal of Solids and Structures},
  year          = {1996},
  volume        = {33},
  number        = {24},
  pages         = {3517-3538},
  date-modified = {2014-01-13 12:43:48 +0000},
  document_type = {Article},
  source        = {Scopus},
}

@Article{Langseth1998127,
  author        = {Langseth, M. and Hopperstad, O.S. and Hanssen, A.G.},
  title         = {Crash behaviour of thin-walled aluminium members},
  journal       = {Thin-Walled Structures},
  year          = {1998},
  volume        = {32},
  number        = {1-3},
  pages         = {127-150},
  date-modified = {2014-01-13 12:43:48 +0000},
  document_type = {Article},
  source        = {Scopus},
  doi ={10.1016/s0263-8231(98)00030-5 }
}

@Book{Darwin,
  title         = {On the Origin of Species},
  year          = {1859},
  author        = {Darwin, C.},
  document_type = {Book},
}

@Article{JEGA,
  author        = {Eddy, J. E. and Lewis, K.},
  title         = {Effective Generation of Pareto Sets using Genetic Programming},
  journal       = {Proceedings of ASME Design Engineering Technical Conference},
  year          = {2001},
  document_type = {Article},
}

@Article{Paulino2009197,
  author  = {Paulino, M. and Teixeira-Dias, F. and Gameiro, C.P. and Cirne, J.},
  title   = {Hyperelastic and dynamical behaviour of cork and its performance in energy absorption devices and crashworthiness applications},
  journal = {International Journal of Materials Engineering Innovation},
  year    = {2009},
  volume  = {1},
  number  = {2},
  pages   = {197-234},
  doi = {10.1504/ijmatei.2009.029364 }
}

@Article{Bambach2009282,
  author        = {Bambach, M.R. and Elchalakani, M. and Zhao, X.L.},
  title         = {Composite steel-CFRP SHS tubes under axial impact},
  journal       = {Composite Structures},
  year          = {2009},
  volume        = {87},
  number        = {3},
  pages         = {282-292},
  date-modified = {2014-01-13 12:43:48 +0000},
  document_type = {Article},
  source        = {Scopus},
}

@Article{Xiang2006,
  author        = {Xiang, Y. and Wang, Q. and Fan, Z. and Fang, H.},
  title         = {Optimal crashworthiness design of a spot-welded thin-walled hat section},
  journal       = {Finite Elements in Analysis and Design},
  year          = {2006},
  number        = {42},
  pages         = {846-855},
  document_type = {Article},
  owner         = {jpaz},
  source        = {Scopus},
  timestamp     = {2012.02.13},
}

@Article{Abramowicz1984263,
  author        = {Abramowicz, W. and Jones, N.},
  title         = {Dynamic axial crushing of circular tubes},
  journal       = {International Journal of Impact Engineering},
  year          = {1984},
  volume        = {2},
  number        = {3},
  pages         = {263-281},
  document_type = {Article},
  owner         = {jpaz},
  source        = {Scopus},
  timestamp     = {2013.01.23},
}

@Article{Abr3,
  author  = {Abramowicz, W. and Wierzbicki, T.},
  title   = {Axial crushing of foam-filled columns},
  journal = {International Journal of Mechanical Sciences},
  year    = {1988},
  volume  = {30},
  number  = {3/4},
  pages   = {263-271},
}

@Article{Aktay2006,
  author        = {Aktay, L. and Toksoy, A.K. and G\"{u}den, M.},
  title         = {Quasi-static axial crushing of extruded polystyrene foam-filled thin-walled aluminum tubes: Experimental and numerical analysis},
  journal       = {Materials and Design},
  year          = {2006},
  volume        = {27},
  number        = {7},
  pages         = {556-565},
  document_type = {Article},
  owner         = {jpaz},
  source        = {Scopus},
  timestamp     = {2012.02.06},
}

@Article{Alcantara201316,
  author        = {Alc\'{a}ntara, I. and Teixeira-Dias, F. and Paulino, M.},
  title         = {Cork composites for the absorption of impact energy},
  journal       = {Composite Structures},
  year          = {2013},
  volume        = {95},
  pages         = {16-27},
  document_type = {Article},
  owner         = {jpaz},
  source        = {Scopus},
  timestamp     = {2013.01.23},
}

@Article{Alexander,
  author  = {Alexander,J. M.},
  title   = {An approximate analysis of the collapse of thin cylindrical shells under axial loading},
  journal = {Quarterly Journal of Mechanics and Applied Mathematics},
  year    = {1960},
  volume  = {13},
  number  = {1},
  pages   = {10-15},
}

@Article{Attia2012,
  author    = {Attia, M.S. and Meguid, S.A. and Nouraei, H.},
  title     = {Nonlinear finite element analisys of the crush behaviour of functionally graded foam-filled columns},
  journal   = {Finite Elements in Analysis and Design},
  year      = {2012},
  volume    = {61},
  pages     = {50-59},
  owner     = {mcostas},
  timestamp = {2012.07.23},
}

@Booklet{BASF2012,
  title     = {Ultramid (R) {A3WG10 BK00564} {Polyamide 66. Product information sheet}},
  author    = {BASF},
  month     = {07},
  year      = {2012},
  owner     = {mcostas},
  timestamp = {2012.07.18},
}

@Article{Boria2012345,
  author        = {Boria, S. and Belingardi, G.},
  title         = {Numerical investigation of energy absorbers in composite materials for automotive applications},
  journal       = {International Journal of Crashworthiness},
  year          = {2012},
  volume        = {17},
  number        = {4},
  pages         = {345-356},
  document_type = {Article},
  owner         = {jpaz},
  source        = {Scopus},
  timestamp     = {2013.01.23},
}

@Article{Cook1983,
  author    = {Cook, G. R. and Johson, W. H.},
  title     = {A constitutive model and data for metals subjected to large strains, high strain rates and high temperatures},
  journal   = {Proceedings of Seventh International Symposium on Ballistics},
  year      = {1983},
  timestamp = {2012.02.13},
}

@PhdThesis{DeKanter2006,
  author    = {De Kanter, J.L.C.G.},
  title     = {Energy Absorption of Monolithic and Fibre Reinforced Aluminium Cylinders},
  school    = {Faculty of Aerospace Engineering - Delft University of Technology},
  year      = {2006},
  owner     = {mcostas},
  timestamp = {2012.02.06},
}

@TechReport{DGT2010,
  author      = {DGT},
  title       = {Main figures on road accidents {[in Spain]} (original in spanish: Las principales cifras de la siniestralidad vial)},
  institution = {Observatorio Nacional de Seguridad Vial, Direcci\'{o}n General de Tr\'{a}fico},
  year        = {2010},
  owner       = {mcostas},
  timestamp   = {2012.02.13},
}

@Article{Gameiro2007,
  author    = {Gameiro, C.P. and Cirne, J.},
  title     = {Dynamic axial crushing of short to long circular aluminium tubes with agglomerate cork filler},
  journal   = {International Journal of Mechanical Sciences},
  year      = {2007},
  volume    = {49},
  number    = {9},
  pages     = {1029 - 1037},
  keywords  = {Impact},
  owner     = {mcostas},
  timestamp = {2011.10.28},
}

@Article{Gameiro2007a,
  author      = {Gameiro, C. and Cirne, J. and Gary, G.},
  title       = {Experimental study of the quasi-static and dynamic behaviour of cork under compressive loading},
  journal     = {Journal of Materials Science},
  year        = {2007},
  volume      = {42},
  pages       = {4316-4324},
  affiliation = {Faculdade de Ci{\^e}ncias e Tecnologia da Universidade de Coimbra CEMUC---Departamento de Engenharia Mec{\^a}nica 3030-788 Coimbra Portugal},
  issue       = {12},
  keyword     = {Engineering},
  owner       = {mcostas},
  publisher   = {Springer Netherlands},
  timestamp   = {2011.10.28},
}

@Article{Mamalis199677,
  author        = {Mamalis, A.G. and Manolakos, D.E. and Demosthenous, G.A. and Ioannidis, M.B.},
  title         = {The static and dynamic axial collapse of fibreglass composite automotive frame rails},
  journal       = {Composite Structures},
  year          = {1996},
  volume        = {34},
  number        = {1},
  pages         = {77-90},
  document_type = {Article},
  owner         = {jpaz},
  source        = {Scopus},
  timestamp     = {2013.01.23},
}

@Article{Mamalis2006213,
  author        = {Mamalis, A.G. and Manolakos, D.E. and Ioannidis, M.B. and Papapostolou, D.P.},
  title         = {The static and dynamic axial collapse of CFRP square tubes: Finite element modelling},
  journal       = {Composite Structures},
  year          = {2006},
  volume        = {74},
  number        = {2},
  pages         = {213-225},
  document_type = {Article},
  owner         = {jpaz},
  source        = {Scopus},
  timestamp     = {2013.01.23},
}

@Conference{A.Micuzzi2010,
  author    = {Micuzzi, A and Elvira, G.},
  title     = {Caracterizaci\'{o}n computacional de placas de espuma de poliestireno expandido bajo cargas din\'{a}micas de impacto},
  booktitle = {IBEROMET XI, X CONAMET/SAM},
  year      = {2010},
  owner     = {mcostas},
  timestamp = {2012.02.20},
}

@Article{Mills20105831,
  author        = {Mills, N.J.},
  title         = {Deformation mechanisms and the yield surface of low-density, closed-cell polymer foams},
  journal       = {Journal of Materials Science},
  year          = {2010},
  volume        = {45},
  number        = {21},
  pages         = {5831-5843},
  document_type = {Article},
  owner         = {jpaz},
  source        = {Scopus},
  timestamp     = {2013.01.23},
}

@TechReport{NHTSA2009,
  author      = {National Highway Traffic Safety Administration - NHTSA},
  title       = {Fatalities in Frontal Crashes despite Seat Belts and Air Bags},
  institution = {U.S. Department of Transportation},
  year        = {2009},
  owner       = {mcostas},
  timestamp   = {2012.09.10},
}

@TechReport{NHTSA2013,
  author      = {{National Highway Traffic Safety Administration - NHTSA}},
  title       = {Early Estimate of Motor Vehicle Traffic Fatalities for the First Half (Jan--Jun) of 2013},
  institution = {U.S. Department of Transportation},
  year        = {2013},
  owner       = {jpaz},
  timestamp   = {2012.09.10},
}

@Article{Paulino2011,
  author        = {Paulino, M. and Teixeira-Dias, F.},
  title         = {An energy absorption performance index for cellular materials - Development of a side-impact cork padding},
  journal       = {International Journal of Crashworthiness},
  year          = {2011},
  volume        = {16},
  number        = {2},
  pages         = {135-153},
  document_type = {Article},
  owner         = {jpaz},
  source        = {Scopus},
  timestamp     = {2011.10.28},
}

@Article{Petit2007,
  author        = {Petit, S. and Bouvet, C. and Bergerot, A. and Barrau, J.-J.},
  title         = {Impact and compression after impact experimental study of a composite laminate with a cork thermal shield},
  journal       = {Composites Science and Technology},
  year          = {2007},
  volume        = {67},
  number        = {15-16},
  pages         = {3286-3299},
  document_type = {Article},
  owner         = {jpaz},
  source        = {Scopus},
  timestamp     = {2011.10.28},
}

@Article{Reid1,
  author  = {Reid,S. R. and Reddy,T. Y.},
  title   = {Axial crushing of foam-filled tapered sheet metal tubes},
  journal = {International Journal of Mechanical Sciences},
  year    = {1986},
  volume  = {28},
  number  = {10},
  pages   = {643-656},
}

@Article{Reid2,
  author  = {Reid,S. R. and Reddy,T. Y. and Gray,M. D.},
  title   = {Static and dynamic axial crushing of foam-filled sheet metal tubes},
  journal = {International Journal of Mechanical Sciences},
  year    = {1986},
  volume  = {28},
  number  = {5},
  pages   = {295-322},
}

@Article{Revadded3,
  author  = {Chen, W. and Wierzbicki, T.},
  title   = {Relative merits of single-cell, multi-cell and foam-filled thin-walled structures in energy absorption},
  journal = {Thin-Walled Structures},
  year    = {2001},
  volume  = {39},
  number  = {4},
  pages   = {287-306},
}

@Article{Revadded4,
  author  = {Seidt, J.D.},
  title   = {{EOD} material characterization, supplemental reports: constitutive and fracture models for {ASTM A36} hot rolled steel},
  journal = {Battelle Technical report prepared for the Naval Explosive Ordnance Disposal Technology Division, Columbus, Ohio},
  year    = {November 2005},
}

@Article{Seitzberger199793,
  author        = {Seitzberger, M. and Rammerstorfer, F.G. and Degischer, H.P. and Gradinger, R.},
  title         = {Crushing of axially compressed steel tubes filled with aluminium foam},
  journal       = {Acta Mechanica},
  year          = {1997},
  volume        = {125},
  number        = {1-4},
  pages         = {93-105},
  document_type = {Article},
  owner         = {jpaz},
  source        = {Scopus},
  timestamp     = {2013.01.23},
}

@Article{Shin2002,
  author                 = {Shin, K.C. and Lee, J.J. and Kim, K.H. and Song, M.C. and Huh, J.S.},
  title                  = {Axial crush and bending collapse of an {aluminum/GFRP} hybrid square tube and its energy absorption capability},
  journal                = {Composite Structures},
  year                   = {2002},
  volume                 = {57},
  number                 = {1-4},
  pages                  = {279-287},
  abbrev_source_title    = {Compos. Struct.},
  affiliation            = {Department of Mechanical Engineering, Korea Advanced Institute of Science and Technology, 373-1, Kusong-dong, Yusong-gu, Taejon 305-701, South Korea; Kia Motors Cooperation, 781-1, Soha-dong, Kwangmyung-shi, Kyunggi-do 423-701, South Korea; Agency for Defense Development, 111, Sunam-dong, Yusong-gu, Taejon 305-152, South Korea; Department of Metallurgical Engineering, Kyung Pook National University, 1370, Sangyuk-dong, Taegu 702-701, South Korea},
  author_keywords        = {Axial crush; Bending collapse; Energy absorption capability; Hybrid tube},
  coden                  = {COMSE},
  correspondence_address = {Lee, J.J.; Department of Mechanical Engineering, Korea Advanced Inst. of Sci./Tech., 373-1, Kusong-dong, Yusong-gu, Taejon 305-701, South Korea; email: jjlee@sorak.kaist.ac.kr},
  document_type          = {Article},
  language               = {English},
  owner                  = {mcostas},
  source                 = {Scopus},
  timestamp              = {2012.02.06},
}

@Article{Silva2005-12-01T00:00:00,
  author    = {Silva, S. P. and Sabino, M. A. and Fernandes, E. M. and Correlo, V. M. and Boesel, L. F. and Reis, R. L.},
  title     = {Cork: properties, capabilities and applications},
  journal   = {International Materials Reviews},
  year      = {2005},
  volume    = {50},
  number    = {6},
  pages     = {345-365},
  owner     = {mcostas},
  timestamp = {2011.10.28},
}

@Article{Song2000385,
  author        = {Song, H.-W. and Wan, Z.-M. and Xie, Z.-M. and Du, X.-W.},
  title         = {Axial impact behavior and energy absorption efficiency of composite wrapped metal tubes},
  journal       = {International Journal of Impact Engineering},
  year          = {2000},
  volume        = {24},
  number        = {4},
  pages         = {385-401},
  document_type = {Article},
  owner         = {jpaz},
  source        = {Scopus},
  timestamp     = {2013.01.23},
}

@Article{Stamenovic2011197,
  author        = {Stamenovi\'{c}, M. and Puti\'{c}, S. and Zrili\'{c}, M. and Milovi\'{c}, L.J.and Pavlovi\'{c}-Krsti\'{c}, J.},
  title         = {Specific energy absorption capacity of glass-polyester composite tubes under static compressive loading},
  journal       = {Metalurgija},
  year          = {2011},
  volume        = {50},
  number        = {3},
  pages         = {197-200},
  document_type = {Article},
  owner         = {jpaz},
  source        = {Scopus},
  timestamp     = {2012.07.23},
}

@Conference{Starbuck20061808,
  author        = {Starbuck, J.M. and Jacob, G.C. and Dillard, D.A. and Pohlit, D.J.},
  title         = {Crashworthiness of adhesively bonded composite structures and their strain-rate sensitivities},
  booktitle     = {Proceedings of the 2006 SEM Annual Conference and Exposition on Experimental and Applied Mechanics 2006},
  year          = {2006},
  volume        = {4},
  pages         = {1808-1819},
  document_type = {Conference Paper},
  journal       = {Proceedings of the 2006 SEM Annual Conference and Exposition on Experimental and Applied Mechanics 2006},
  owner         = {jpaz},
  source        = {Scopus},
  timestamp     = {2012.07.23},
}

@Article{Totry2010970,
  author        = {Totry, E. and Molina-Aldaregu\'{\i{}}a, J.M. and Gonz\'{a}lez, C. and Llorca, J.},
  title         = {Effect of fiber, matrix and interface properties on the in-plane shear deformation of carbon-fiber reinforced composites},
  journal       = {Composites Science and Technology},
  year          = {2010},
  volume        = {70},
  number        = {6},
  pages         = {970-980},
  document_type = {Article},
  owner         = {jpaz},
  source        = {Scopus},
  timestamp     = {2012.02.13},
}

@Article{White1999179,
  author        = {White, M.D. and Jones, N.},
  title         = {Experimental quasi-static axial crushing of top-hat and double-hat thin-walled sections},
  journal       = {International Journal of Mechanical Sciences},
  year          = {1999},
  volume        = {41},
  number        = {2},
  pages         = {179-208},
  document_type = {Article},
  owner         = {jpaz},
  source        = {Scopus},
  timestamp     = {2013.01.23},
}

@Article{White1999209,
  author        = {White, M.D. and Jones, N. and Abramowicz, W.},
  title         = {A theoretical analysis for the quasi-static axial crushing of top-hat and double-hat thin-walled sections},
  journal       = {International Journal of Mechanical Sciences},
  year          = {1999},
  volume        = {41},
  number        = {2},
  pages         = {209-233},
  document_type = {Article},
  owner         = {jpaz},
  source        = {Scopus},
  timestamp     = {2013.01.23},
}

@Article{Yan20071901,
  author        = {Yan, W. and Durif, E. and Yamada, Y. and Wen, C.},
  title         = {Crushing simulation of foam-filled aluminium tubes},
  journal       = {Materials Transactions},
  year          = {2007},
  volume        = {48},
  number        = {7},
  pages         = {1901-1906},
  document_type = {Conference Paper},
  owner         = {jpaz},
  source        = {Scopus},
  timestamp     = {2012.02.13},
}

@Article{Yin,
  author  = {Yin, H. and Wen, G. and Hou, S. and Qing, Q.},
  title   = {Multiobjective crashworthiness optimization of functionally lateral graded foam-filled tubes},
  journal = {Materials and Design},
  year    = {2013},
  volume  = {44},
  pages   = {414-428},
}

@Article{Zarei2008245,
  author        = {Zarei, H. and Kr\"{o}ger, M. and Albertsen, H.},
  title         = {An experimental and numerical crashworthiness investigation of thermoplastic composite crash boxes},
  journal       = {Composite Structures},
  year          = {2008},
  volume        = {85},
  number        = {3},
  pages         = {245-257},
  document_type = {Article},
  owner         = {jpaz},
  source        = {Scopus},
  timestamp     = {2013.01.23},
}

@Article{Zhang1998369,
  author        = {Zhang, J. and Kikuchi, N. and Li, V. and Yee, A. and Nusholtz, G.},
  title         = {Constitutive modeling of polymeric foam material subjected to dynamic crash loading},
  journal       = {International Journal of Impact Engineering},
  year          = {1998},
  volume        = {21},
  number        = {5},
  pages         = {369-386},
  document_type = {Article},
  owner         = {jpaz},
  source        = {Scopus},
  timestamp     = {2012.02.13},
}

@Article{Zhang201225,
  author        = {Zhang, X. and Zhang, H.},
  title         = {Experimental and numerical investigation on crush resistance of polygonal columns and angle elements},
  journal       = {Thin-Walled Structures},
  year          = {2012},
  volume        = {57},
  pages         = {25-36},
  document_type = {Article},
  owner         = {jpaz},
  source        = {Scopus},
  timestamp     = {2012.07.03},
}

@Article{Zhang201299,
  author        = {Zhang, Y. and Sun, G. and Li, G.and Luo, Z. and Li, Q.},
  title         = {Optimization of foam-filled bitubal structures for crashworthiness criteria},
  journal       = {Materials and Design},
  year          = {2012},
  volume        = {38},
  pages         = {99-109},
  document_type = {Article},
  owner         = {jpaz},
  source        = {Scopus},
  timestamp     = {2012.07.23},
}

@Manual{2013,
  title        = {ABAQUS 6.13 Documentation},
  organization = {Dassault Syst\`{e}mes},
  year         = {2013},
}

@Manual{Ab2014,
  title        = {ABAQUS 6.14 Documentation},
  organization = {Dassault Syst\`{e}mes},
  year         = {2014},
}

@MANUAL{Ab2016,
  ORGANIZATION = {Dassault Syst\`{e}mes},
  TITLE        = {ABAQUS 6.16 Documentation},
  YEAR         = {2016},
}

@Manual{Da2014,
  title        = {DAKOTA, A Multilevel Parallel Object-Oriented Framework for Design Optimization, Parameter Estimation, Uncertainty Quantification, and Sensitivity Analysis: Version 6.1.0 User's Manual},
  author       = {Adams, B. and Bauman, L. and Bohnhoff, W. and Dalbey, K. and Ebeida, M. and Eddy, J. and Eldred, M. and Hough, P. and Hu, K. and Jakeman, J. and Swiler, L. and Vigil, D.},
  organization = {Sandia National Laboratories},
  month        = {07},
  year         = {2014},
}

@Article{Friedman,
  author    = {Friedman, J. H.},
  title     = {Multivariate adaptive regression splines},
  journal   = {Annals of Statistics},
  year      = {1991},
  volume    = {19},
  pages     = {1-141},
  owner     = {mcostas},
  timestamp = {2013.07.30},
}

@Article{mckay,
  author        = {McKay, M. and Beckman, R. and Conover, W},
  title         = {A comparison of three methods for selecting values of input variables in the analysis of output from a computer code},
  journal       = {Technometrics},
  year          = {1979},
  volume        = {21},
  number        = {2},
  pages         = {239-245},
  document_type = {Article},
  owner         = {jpaz},
  source        = {Scopus},
  timestamp     = {2013.01.23},
}

@Book{Huanglibro,
  title     = {Vehicle Crash Mechanics},
  publisher = {CRC Press},
  year      = {2002},
  author    = {Huang, M.},
  owner     = {mcostas},
  timestamp = {2013.07.29},
}

@TechReport{J211,
  title        = {{SAE Standard J211: Instrumentation for Impact Test}},
  institution  = {Safety Test Instrumentation Stds Comm},
  year         = {1995},
  organization = {Society of Automotive Engineers},
}

@Manual{DaReference,
  title        = {DAKOTA, A Multilevel Parallel Object-Oriented Framework for Design Optimization, Parameter Estimation, Uncertainty Quantification, and Sensitivity Analysis: Version 5.4 Reference Manual},
  author       = {Adams, B. and Bauman, L. and Bohnhoff, W. and Dalbey, K. and Ebeida, M. and Eddy, J. and Eldred, M. and Hough, P. and Hu, K. and Jakeman, J. and Swiler, L. and Vigil, D.},
  organization = {Sandia National Laboratories},
  month        = {11},
  year         = {2013},
  owner        = {jpaz},
  timestamp    = {2012.02.20},
}

@Article{Paulino2009a,
  author        = {Paulino, M. and Teixeira-Dias, F. and Gameiro, C.P. and Cirne, J.},
  title         = {Hyperelastic and dynamical behaviour of cork and its performance in energy absorption devices and crashworthiness applications},
  journal       = {International Journal of Materials Engineering Innovation},
  year          = {2009},
  volume        = {1},
  number        = {2},
  pages         = {197-234},
  date-modified = {2014-01-13 12:43:48 +0000},
  document_type = {Article},
  owner         = {jpaz},
  source        = {Scopus},
  timestamp     = {2011.10.28},
}

@Article{Abramowicz1988,
  author        = {Abramowicz, W. and Wierzbicki, T.},
  title         = {Axial crushing of foam-filled columns},
  journal       = {International Journal of Mechanical Sciences},
  year          = {1988},
  volume        = {30},
  number        = {3/4},
  pages         = {263-271},
  document_type = {Article},
  owner         = {jpaz},
  source        = {Scopus},
  timestamp     = {2013.01.23},
}

@Manual{2013b,
  title        = {ABAQUS 6.13 Documentation},
  organization = {Dassault Syst\`emes},
  year         = {2013},
  owner        = {mcostas},
  timestamp    = {2012.02.20},
}

@Comment{jabref-meta: databaseType:bibtex;}
